<record><header><identifier>oai:alma.41SLSP_UGE:991000779019705502</identifier><datestamp>2024-03-14T01:30:43Z</datestamp><setSpec>uge_bcen_RapidILL_BOOK</setSpec><setSpec>uge_aaca_RapidILL_BOOK</setSpec><setSpec>uge_abels_RapidILL_BOOK</setSpec><setSpec>uge_dbu_RapidILL_BOOK</setSpec><setSpec>uge_cmu_RapidILL_BOOK</setSpec><setSpec>uge_mail_RapidILL_BOOK</setSpec><setSpec>uge_abbat_RapidILL_BOOK</setSpec><setSpec>UNIGE_ALL</setSpec><setSpec>uge_acar_RapidILL_BOOK</setSpec><setSpec>uge_aobs_RapidILL_BOOK</setSpec></header><metadata>
<record xmlns="http://www.loc.gov/MARC21/slim" xmlns:xsi="http://www.w3.org/2001/XMLSchema-instance" xsi:schemaLocation="http://www.loc.gov/MARC21/slim http://www.loc.gov/standards/marcxml/schema/MARC21slim.xsd"><leader>01986nam a2200457 c 4500</leader><controlfield tag="001">991000779019705502</controlfield><controlfield tag="005">20240313084333.0</controlfield><controlfield tag="008">201011s1933    fr ||||| |||| 00| ||fre d</controlfield><datafield ind1="7" ind2=" " tag="024"><subfield code="a">http://catalogue.bnf.fr/ark:/12148/cb32461511v</subfield><subfield code="2">uri</subfield></datafield><datafield ind1=" " ind2=" " tag="035"><subfield code="a">(swissbib)226972720-41slsp_network</subfield></datafield><datafield ind1=" " ind2=" " tag="035"><subfield code="a">226972720</subfield><subfield code="9">ExL</subfield></datafield><datafield ind1=" " ind2=" " tag="035"><subfield code="a">(RERO)0097895-41slsp</subfield></datafield><datafield ind1=" " ind2=" " tag="035"><subfield code="a">(NEBIS)004735197EBI01</subfield></datafield><datafield ind1=" " ind2=" " tag="035"><subfield code="a">(IDSBB)002262238DSV01</subfield></datafield><datafield ind1=" " ind2=" " tag="035"><subfield code="a">(EXLNZ-41SLSP_NETWORK)991075480969705501</subfield></datafield><datafield ind1=" " ind2=" " tag="040"><subfield code="a">RERO</subfield><subfield code="d">CH-ZuSLS</subfield></datafield><datafield ind1=" " ind2="7" tag="072"><subfield code="a">go</subfield><subfield code="2">rero</subfield></datafield><datafield ind1=" " ind2="7" tag="072"><subfield code="a">et</subfield><subfield code="2">rero</subfield></datafield><datafield ind1=" " ind2="7" tag="072"><subfield code="a">et</subfield><subfield code="2">SzZuIDS BS/BE</subfield></datafield><datafield ind1="1" ind2=" " tag="100"><subfield code="6">880-01</subfield><subfield code="a">Montandon, George</subfield><subfield code="c">ethnologue</subfield><subfield code="d">1879-1944</subfield><subfield code="0">(IDREF)032596812</subfield><subfield code="4">cre</subfield></datafield><datafield ind1="1" ind2=" " tag="880"><subfield code="6">100-01/(B</subfield><subfield code="a">Montandon, George</subfield><subfield code="d">1879-1944</subfield><subfield code="0">(DE-588)119203626</subfield><subfield code="4">aut</subfield></datafield><datafield ind1="1" ind2="0" tag="245"><subfield code="a">&lt;&lt;La&gt;&gt; race, les races</subfield><subfield code="b">mise au point d'ethnologie somatique</subfield><subfield code="c">George Montandon</subfield></datafield><datafield ind1=" " ind2="1" tag="264"><subfield code="a">Paris</subfield><subfield code="b">Payot</subfield><subfield code="c">1933</subfield></datafield><datafield ind1=" " ind2=" " tag="300"><subfield code="a">299 pages</subfield><subfield code="b">fig.</subfield><subfield code="c">23 cm</subfield></datafield><datafield ind1=" " ind2=" " tag="336"><subfield code="b">txt</subfield><subfield code="2">rdacontent</subfield></datafield><datafield ind1=" " ind2=" " tag="337"><subfield code="b">n</subfield><subfield code="2">rdamedia</subfield></datafield><datafield ind1=" " ind2=" " tag="338"><subfield code="b">nc</subfield><subfield code="2">rdacarrier</subfield></datafield><datafield ind1="1" ind2=" " tag="490"><subfield code="a">Bibliothèque scientifique</subfield></datafield><datafield ind1=" " ind2=" " tag="500"><subfield code="a">Vortitel: Bibliothèque scientifique</subfield></datafield><datafield ind1=" " ind2=" " tag="504"><subfield code="a">Index.</subfield></datafield><datafield ind1=" " ind2="7" tag="650"><subfield code="a">Race</subfield><subfield code="0">(IDREF)027546241</subfield><subfield code="2">idref</subfield></datafield><datafield ind1=" " ind2="7" tag="650"><subfield code="a">Anthropologie physique</subfield><subfield code="0">(IDREF)027301745</subfield><subfield code="2">idref</subfield></datafield><datafield ind1=" " ind2="7" tag="650"><subfield code="a">ETHNISCHE GRUPPEN + ETHNIEN (ETHNOLOGIE)</subfield><subfield code="0">(ETHUDK)000012350</subfield><subfield code="9">ger</subfield><subfield code="2">ethudk</subfield></datafield><datafield ind1=" " ind2="7" tag="650"><subfield code="a">ANTHROPOGENESE + MENSCHLICHE EVOLUTION (PHYLOGENESE, BIOLOGIE)</subfield><subfield code="0">(ETHUDK)000021389</subfield><subfield code="9">ger</subfield><subfield code="2">ethudk</subfield></datafield><datafield ind1=" " ind2="7" tag="650"><subfield code="a">VERSCHIEDENARTIGKEIT VON MENSCHEN + RASSENUNTERSCHIEDE (BIOLOGISCHE ANTHROPOLOGIE)</subfield><subfield code="0">(ETHUDK)000021391</subfield><subfield code="9">ger</subfield><subfield code="2">ethudk</subfield></datafield><datafield ind1=" " ind2="7" tag="650"><subfield code="a">SOMATOLOGIE (BIOLOGISCHE ANTHROPOLOGIE)</subfield><subfield code="0">(ETHUDK)000021394</subfield><subfield code="9">ger</subfield><subfield code="2">ethudk</subfield></datafield><datafield ind1=" " ind2=" " tag="691"><subfield code="e">144.c</subfield><subfield code="a">Racial affinities</subfield><subfield code="2">ubs-FG</subfield></datafield><datafield ind1=" " ind2=" " tag="830"><subfield code="a">Bibliothèque scientifique</subfield><subfield code="p">Payot</subfield><subfield code="w">(RERO)0004589-41slsp</subfield></datafield><datafield ind1="4" ind2=" " tag="856"><subfield code="3">Titelblatt und Inhaltsverzeichnis</subfield><subfield code="u">https://toc.library.ethz.ch/objects/pdf/z01_004735197_01.pdf</subfield><subfield code="q">pdf</subfield></datafield><datafield ind1=" " ind2=" " tag="900"><subfield code="a">REROnoselfmerge</subfield></datafield><datafield ind1=" " ind2=" " tag="900"><subfield code="a">IDSZ2zbzmon200406e</subfield><subfield code="c">IDSZ2gapa</subfield></datafield><datafield ind1=" " ind2=" " tag="949"><subfield code="a">https://toc.library.ethz.ch/objects/pdf/z01_004735197_01.pdf</subfield></datafield></record>
</metadata></record>