<record><header><identifier>oai:alma.41SLSP_UGE:991000779229705502</identifier><datestamp>2023-03-01T01:09:21Z</datestamp><setSpec>uge_bcen_RapidILL_BOOK</setSpec><setSpec>uge_aaca_RapidILL_BOOK</setSpec><setSpec>uge_abels_RapidILL_BOOK</setSpec><setSpec>uge_dbu_RapidILL_BOOK</setSpec><setSpec>uge_cmu_RapidILL_BOOK</setSpec><setSpec>uge_mail_RapidILL_BOOK</setSpec><setSpec>UNIGE_ALL</setSpec><setSpec>uge_abbat_RapidILL_BOOK</setSpec><setSpec>uge_aobs_RapidILL_BOOK</setSpec><setSpec>uge_acar_RapidILL_BOOK</setSpec></header><metadata>
<record xmlns="http://www.loc.gov/MARC21/slim" xmlns:xsi="http://www.w3.org/2001/XMLSchema-instance" xsi:schemaLocation="http://www.loc.gov/MARC21/slim http://www.loc.gov/standards/marcxml/schema/MARC21slim.xsd"><leader>03000nam a22005177c 4500</leader><controlfield tag="001">991000779229705502</controlfield><controlfield tag="005">20210207120821.0</controlfield><controlfield tag="008">201011s2013    ne ||||| |||| 00| ||eng d</controlfield><datafield ind1=" " ind2=" " tag="020"><subfield code="a">9004242821</subfield></datafield><datafield ind1=" " ind2=" " tag="020"><subfield code="a">9789004242821</subfield></datafield><datafield ind1=" " ind2=" " tag="035"><subfield code="a">(swissbib)222208074-41slsp_network</subfield></datafield><datafield ind1=" " ind2=" " tag="035"><subfield code="a">222208074</subfield><subfield code="9">ExL</subfield></datafield><datafield ind1=" " ind2=" " tag="035"><subfield code="a">(RERO)R008882758-41slsp</subfield></datafield><datafield ind1=" " ind2=" " tag="035"><subfield code="a">(IDSBB)006263552DSV01</subfield></datafield><datafield ind1=" " ind2=" " tag="035"><subfield code="a">(OCoLC)852259963</subfield></datafield><datafield ind1=" " ind2=" " tag="035"><subfield code="a">(EXLNZ-41SLSP_NETWORK)991129158649705501</subfield></datafield><datafield ind1=" " ind2=" " tag="040"><subfield code="a">ERASA</subfield><subfield code="b">eng</subfield><subfield code="e">rda</subfield><subfield code="d">CH-ZuSLS</subfield></datafield><datafield ind1="1" ind2=" " tag="041"><subfield code="a">eng</subfield><subfield code="a">chi</subfield><subfield code="a">jpn</subfield><subfield code="h">eng</subfield></datafield><datafield ind1="0" ind2="0" tag="050"><subfield code="a">TN99</subfield><subfield code="b">.M56 2013</subfield></datafield><datafield ind1=" " ind2=" " tag="050"><subfield code="a">DS31-35.2</subfield></datafield><datafield ind1=" " ind2="7" tag="072"><subfield code="a">or</subfield><subfield code="2">rero</subfield></datafield><datafield ind1="0" ind2="4" tag="082"><subfield code="a">950</subfield></datafield><datafield ind1="0" ind2="0" tag="245"><subfield code="a">Mining, monies and culture in early modern societies</subfield><subfield code="b">East Asian and global perspectives</subfield><subfield code="c">edited by Nanny Kim, Keiko Nagase-Reimer</subfield></datafield><datafield ind1=" " ind2="1" tag="264"><subfield code="a">Leiden</subfield><subfield code="b">Brill</subfield><subfield code="c">2013</subfield></datafield><datafield ind1=" " ind2=" " tag="300"><subfield code="a">xii, 366 pages</subfield><subfield code="b">illustrations, maps</subfield><subfield code="c">24 cm</subfield></datafield><datafield ind1=" " ind2=" " tag="336"><subfield code="b">txt</subfield><subfield code="2">rdacontent</subfield></datafield><datafield ind1=" " ind2=" " tag="337"><subfield code="b">n</subfield><subfield code="2">rdamedia</subfield></datafield><datafield ind1=" " ind2=" " tag="338"><subfield code="b">nc</subfield><subfield code="2">rdacarrier</subfield></datafield><datafield ind1="0" ind2=" " tag="490"><subfield code="a">Monies, markets, and finance in East Asia, 1600-1900</subfield><subfield code="x">2210-2876</subfield><subfield code="v">v. 4</subfield></datafield><datafield ind1=" " ind2=" " tag="500"><subfield code="a">&quot;The majority of the papers were originally presented at the Second International Workshop of the research group on 'Monies, Markets, and Finance in China and East Asia, 1600-1900,' Department of Japanese Studies, Ruhr University, Bochum, 4-6 October 2007.&quot;--p. [1]</subfield></datafield><datafield ind1=" " ind2=" " tag="500"><subfield code="a">Text in English; some text in Chinese and Japanese with English translations</subfield></datafield><datafield ind1=" " ind2=" " tag="504"><subfield code="a">Includes bibliographical references and index</subfield></datafield><datafield ind1="8" ind2=" " tag="520"><subfield code="a">This book explores substantial and methodological issues in the early modern history of mining for monetary metals and monies of Japan, China, and Europe. The largest group in the thirteen articles presents empirical research on mining, metallurgy, and metals trade in the context of global trade systems. Another group focuses on the effects of money in government and everyday life. Several articles investigate scroll paintings and material remains as sources for the history of technology, or apply Geographic Information Systems to the analysis of spatial dimensions of mining areas.--</subfield><subfield code="c">Source other than Library of Congress</subfield></datafield><datafield ind1=" " ind2="0" tag="650"><subfield code="a">Metal trade</subfield><subfield code="x">Government policy</subfield><subfield code="z">East Asia</subfield><subfield code="x">History</subfield><subfield code="v">Congresses</subfield></datafield><datafield ind1=" " ind2="0" tag="650"><subfield code="a">Mines and mineral resources</subfield><subfield code="x">Economic aspects</subfield><subfield code="z">East Asia</subfield><subfield code="x">History</subfield><subfield code="v">Congresses</subfield></datafield><datafield ind1=" " ind2="0" tag="650"><subfield code="a">Mines and mineral resources</subfield><subfield code="z">East Asia</subfield><subfield code="x">History</subfield><subfield code="v">Congresses</subfield></datafield><datafield ind1=" " ind2="0" tag="650"><subfield code="a">Mines and mineral resources</subfield><subfield code="z">East Asia</subfield><subfield code="x">Sources</subfield><subfield code="v">Congresses</subfield></datafield><datafield ind1=" " ind2="0" tag="650"><subfield code="a">Monetary policy</subfield><subfield code="z">East Asia</subfield><subfield code="x">History</subfield><subfield code="v">Congresses</subfield></datafield><datafield ind1=" " ind2="0" tag="650"><subfield code="a">Precious metals</subfield><subfield code="z">East Asia</subfield><subfield code="x">History</subfield><subfield code="v">Congresses</subfield></datafield><datafield ind1=" " ind2="7" tag="655"><subfield code="a">Konferenzschrift</subfield><subfield code="z">Bochum</subfield><subfield code="y">2007</subfield><subfield code="2">gnd-content</subfield></datafield><datafield ind1="1" ind2=" " tag="700"><subfield code="a">Nagase-Reimer, Keiko</subfield><subfield code="d">19..-....</subfield><subfield code="0">(IDREF)194678415</subfield></datafield><datafield ind1="1" ind2=" " tag="700"><subfield code="a">Kim, Nanny</subfield><subfield code="d">1966-</subfield><subfield code="0">(DE-588)119038387X</subfield><subfield code="6">880-03</subfield></datafield><datafield ind1="1" ind2=" " tag="880"><subfield code="6">700-03</subfield><subfield code="a">Kim, Nanny</subfield><subfield code="d">19..-....</subfield><subfield code="0">(IDREF)194679543</subfield></datafield><datafield ind1="2" ind2=" " tag="710"><subfield code="a">Ruhr-Universität Bochum</subfield><subfield code="0">(DE-588)7409-3</subfield></datafield><datafield ind1=" " ind2="0" tag="830"><subfield code="a">Monies, markets, and finance in East Asia, 1600-1900</subfield><subfield code="v">4</subfield><subfield code="w">(IDSBB)005644195DSV01</subfield></datafield><datafield ind1=" " ind2=" " tag="900"><subfield code="a">REROnoselfmerge</subfield></datafield><datafield ind1=" " ind2=" " tag="910"><subfield code="a">LOC</subfield><subfield code="b">20190109</subfield><subfield code="c">Réutilisation sous conditions</subfield></datafield></record>
</metadata></record>