<record><header><identifier>oai:alma.41SLSP_UGE:991000789759705502</identifier><datestamp>2023-03-01T01:09:21Z</datestamp><setSpec>uge_bcen_RapidILL_BOOK</setSpec><setSpec>uge_aaca_RapidILL_BOOK</setSpec><setSpec>uge_abels_RapidILL_BOOK</setSpec><setSpec>uge_dbu_RapidILL_BOOK</setSpec><setSpec>uge_cmu_RapidILL_BOOK</setSpec><setSpec>uge_mail_RapidILL_BOOK</setSpec><setSpec>UNIGE_ALL</setSpec><setSpec>uge_abbat_RapidILL_BOOK</setSpec><setSpec>uge_aobs_RapidILL_BOOK</setSpec><setSpec>uge_acar_RapidILL_BOOK</setSpec></header><metadata>
<record xmlns="http://www.loc.gov/MARC21/slim" xmlns:xsi="http://www.w3.org/2001/XMLSchema-instance" xsi:schemaLocation="http://www.loc.gov/MARC21/slim http://www.loc.gov/standards/marcxml/schema/MARC21slim.xsd"><leader>01237nam a2200313 c 4500</leader><controlfield tag="001">991000789759705502</controlfield><controlfield tag="005">20201225180702.0</controlfield><controlfield tag="008">871113s1979    ag ||||| |||| 00| ||spa d</controlfield><datafield ind1=" " ind2=" " tag="035"><subfield code="a">(swissbib)082229309-41slsp_network</subfield></datafield><datafield ind1=" " ind2=" " tag="035"><subfield code="a">082229309</subfield><subfield code="9">ExL</subfield></datafield><datafield ind1=" " ind2=" " tag="035"><subfield code="a">(RERO)0906291-41slsp</subfield></datafield><datafield ind1=" " ind2=" " tag="035"><subfield code="a">(EXLNZ-41SLSP_NETWORK)991033187439705501</subfield></datafield><datafield ind1=" " ind2=" " tag="040"><subfield code="a">RERO gepiag</subfield><subfield code="d">CH-ZuSLS</subfield></datafield><datafield ind1="1" ind2=" " tag="041"><subfield code="a">spa</subfield><subfield code="h">fre</subfield></datafield><datafield ind1=" " ind2="7" tag="072"><subfield code="a">ps</subfield><subfield code="2">rero</subfield></datafield><datafield ind1="1" ind2=" " tag="100"><subfield code="a">Piaget, Jean</subfield><subfield code="d">1896-1980</subfield><subfield code="0">(IDREF)027071170</subfield><subfield code="4">cre</subfield></datafield><datafield ind1="1" ind2="0" tag="245"><subfield code="a">&lt;&lt;El&gt;&gt; pensamiento biológico, psicológico y sociológico</subfield><subfield code="c">Jean Piaget ; [versión castellana de Victor Fischman]</subfield></datafield><datafield ind1=" " ind2=" " tag="250"><subfield code="a">[2a ed.]</subfield></datafield><datafield ind1=" " ind2="1" tag="264"><subfield code="a">Buenos Aires</subfield><subfield code="b">Paidós</subfield><subfield code="c">1979</subfield></datafield><datafield ind1=" " ind2=" " tag="300"><subfield code="a">281 p.</subfield><subfield code="c">23 cm</subfield></datafield><datafield ind1=" " ind2=" " tag="336"><subfield code="b">txt</subfield><subfield code="2">rdacontent</subfield></datafield><datafield ind1=" " ind2=" " tag="337"><subfield code="b">n</subfield><subfield code="2">rdamedia</subfield></datafield><datafield ind1=" " ind2=" " tag="338"><subfield code="b">nc</subfield><subfield code="2">rdacarrier</subfield></datafield><datafield ind1="1" ind2=" " tag="490"><subfield code="a">Introducción a la epistemología genética</subfield><subfield code="v">3</subfield></datafield><datafield ind1="1" ind2=" " tag="490"><subfield code="a">Biblioteca de psicología evolutiva</subfield><subfield code="v">serie 2, vol. 12</subfield></datafield><datafield ind1=" " ind2=" " tag="500"><subfield code="a">Traduit de: La pensée biologique, la pensée psychologique et la pensée sociologique</subfield></datafield><datafield ind1="1" ind2=" " tag="700"><subfield code="a">Fischman, Víctor</subfield><subfield code="0">(RERO)A003245803</subfield></datafield><datafield ind1=" " ind2=" " tag="830"><subfield code="a">Biblioteca de psicología evolutiva</subfield><subfield code="v">2,12</subfield><subfield code="w">(RERO)0837726-41slsp</subfield></datafield><datafield ind1="1" ind2=" " tag="800"><subfield code="a">Piaget, Jean</subfield><subfield code="d">1896-1980</subfield><subfield code="t">Introducción a la epistemología genética</subfield><subfield code="v">3</subfield><subfield code="w">(RERO)0905783-41slsp</subfield></datafield><datafield ind1=" " ind2=" " tag="900"><subfield code="a">REROnoselfmerge</subfield></datafield></record>
</metadata></record>