<record><header><identifier>oai:alma.41SLSP_UGE:991000789979705502</identifier><datestamp>2024-11-13T01:07:50Z</datestamp><setSpec>uge_bcen_RapidILL_BOOK</setSpec><setSpec>uge_aaca_RapidILL_BOOK</setSpec><setSpec>uge_abels_RapidILL_BOOK</setSpec><setSpec>uge_dbu_RapidILL_BOOK</setSpec><setSpec>uge_cmu_RapidILL_BOOK</setSpec><setSpec>uge_mail_RapidILL_BOOK</setSpec><setSpec>uge_abbat_RapidILL_BOOK</setSpec><setSpec>UNIGE_ALL</setSpec><setSpec>uge_acar_RapidILL_BOOK</setSpec><setSpec>uge_aobs_RapidILL_BOOK</setSpec></header><metadata>
<record xmlns="http://www.loc.gov/MARC21/slim" xmlns:xsi="http://www.w3.org/2001/XMLSchema-instance" xsi:schemaLocation="http://www.loc.gov/MARC21/slim http://www.loc.gov/standards/marcxml/schema/MARC21slim.xsd"><leader>00878nam a22002537c 4500</leader><controlfield tag="001">991000789979705502</controlfield><controlfield tag="005">20241112180505.0</controlfield><controlfield tag="008">960525s1797    lv ||||| |||| 00| ||ger d</controlfield><datafield ind1=" " ind2=" " tag="035"><subfield code="a">(swissbib)078751756-41slsp_network</subfield></datafield><datafield ind1=" " ind2=" " tag="035"><subfield code="a">078751756</subfield><subfield code="9">ExL</subfield></datafield><datafield ind1=" " ind2=" " tag="035"><subfield code="a">(RERO)0395944-41slsp</subfield></datafield><datafield ind1=" " ind2=" " tag="035"><subfield code="a">(EXLNZ-41SLSP_NETWORK)991152935859705501</subfield></datafield><datafield ind1=" " ind2=" " tag="040"><subfield code="a">RERO</subfield><subfield code="d">CH-ZuSLS</subfield></datafield><datafield ind1=" " ind2="7" tag="072"><subfield code="a">ph</subfield><subfield code="2">rero</subfield></datafield><datafield ind1="1" ind2=" " tag="100"><subfield code="a">Kant, Immanuel</subfield><subfield code="d">1724-1804</subfield><subfield code="0">(IDREF)02694507X</subfield><subfield code="4">cre</subfield></datafield><datafield ind1="1" ind2="0" tag="245"><subfield code="a">Grundlegung zur Metaphysik der Sitten</subfield><subfield code="c">Immanuel Kant</subfield></datafield><datafield ind1=" " ind2=" " tag="250"><subfield code="a">4. Aufl</subfield></datafield><datafield ind1=" " ind2="1" tag="264"><subfield code="a">Riga</subfield><subfield code="b">J.F. Hartknoch</subfield><subfield code="c">1797</subfield></datafield><datafield ind1=" " ind2=" " tag="300"><subfield code="a">128 S.</subfield><subfield code="c">8⁰</subfield></datafield><datafield ind1=" " ind2=" " tag="336"><subfield code="b">txt</subfield><subfield code="2">rdacontent</subfield></datafield><datafield ind1=" " ind2=" " tag="337"><subfield code="b">n</subfield><subfield code="2">rdamedia</subfield></datafield><datafield ind1=" " ind2=" " tag="338"><subfield code="b">nc</subfield><subfield code="2">rdacarrier</subfield></datafield><datafield ind1="0" ind2="8" tag="776"><subfield code="i">Publié également comme</subfield><subfield code="n">édition en ligne</subfield><subfield code="t">Grundlegung zur Metaphysik der Sitten</subfield><subfield code="w">991171987988805501</subfield></datafield><datafield ind1="4" ind2="1" tag="856"><subfield code="u">http://books.google.ch/books?vid=BCUL1092485743</subfield><subfield code="z">Googlos 2007-2009</subfield></datafield><datafield ind1=" " ind2=" " tag="900"><subfield code="a">REROswissbibnomerge</subfield></datafield></record>
</metadata></record>