<record><header><identifier>oai:alma.41SLSP_UGE:991000778839705502</identifier><datestamp>2023-12-15T01:23:03Z</datestamp><setSpec>uge_bcen_RapidILL_BOOK</setSpec><setSpec>uge_aaca_RapidILL_BOOK</setSpec><setSpec>uge_abels_RapidILL_BOOK</setSpec><setSpec>uge_dbu_RapidILL_BOOK</setSpec><setSpec>uge_cmu_RapidILL_BOOK</setSpec><setSpec>uge_mail_RapidILL_BOOK</setSpec><setSpec>uge_abbat_RapidILL_BOOK</setSpec><setSpec>UNIGE_ALL</setSpec><setSpec>uge_acar_RapidILL_BOOK</setSpec><setSpec>uge_aobs_RapidILL_BOOK</setSpec></header><metadata>
<record xmlns="http://www.loc.gov/MARC21/slim" xmlns:xsi="http://www.w3.org/2001/XMLSchema-instance" xsi:schemaLocation="http://www.loc.gov/MARC21/slim http://www.loc.gov/standards/marcxml/schema/MARC21slim.xsd"><leader>01875nam a2200445 c 4500</leader><controlfield tag="001">991000778839705502</controlfield><controlfield tag="005">20230217210905.0</controlfield><controlfield tag="008">201011s1953    gw ||||| |||| 00| ||ger d</controlfield><datafield ind1=" " ind2=" " tag="035"><subfield code="a">(swissbib)216381444-41slsp_network</subfield></datafield><datafield ind1=" " ind2=" " tag="035"><subfield code="a">216381444</subfield><subfield code="9">ExL</subfield></datafield><datafield ind1=" " ind2=" " tag="035"><subfield code="a">(RERO)0653820-41slsp</subfield></datafield><datafield ind1=" " ind2=" " tag="035"><subfield code="a">(IDSLU)000122503ILU01</subfield></datafield><datafield ind1=" " ind2=" " tag="035"><subfield code="a">(EXLNZ-41SLSP_NETWORK)991158406649705501</subfield></datafield><datafield ind1=" " ind2=" " tag="040"><subfield code="a">RERO labcud</subfield><subfield code="d">CH-ZuSLS</subfield></datafield><datafield ind1=" " ind2="7" tag="072"><subfield code="a">th</subfield><subfield code="2">rero</subfield></datafield><datafield ind1=" " ind2="7" tag="072"><subfield code="a">730</subfield><subfield code="2">IDS LU</subfield></datafield><datafield ind1="1" ind2=" " tag="080"><subfield code="a">22.07HNT</subfield></datafield><datafield ind1="1" ind2=" " tag="100"><subfield code="a">Dibelius, Martin</subfield><subfield code="d">1883-1947</subfield><subfield code="0">(IDREF)059413506</subfield><subfield code="4">cre</subfield></datafield><datafield ind1="1" ind2="0" tag="245"><subfield code="a">An die Kolosser, Epheser, an Philemon</subfield><subfield code="c">erkl. von Martin Dibelius</subfield></datafield><datafield ind1=" " ind2=" " tag="250"><subfield code="a">3. Aufl.</subfield><subfield code="b">neu bearb. von Heinrich Greeven</subfield></datafield><datafield ind1=" " ind2="1" tag="264"><subfield code="a">Tübingen</subfield><subfield code="b">J.C.B. Mohr (P. Siebeck)</subfield><subfield code="c">1953</subfield></datafield><datafield ind1=" " ind2=" " tag="300"><subfield code="a">113 S.</subfield><subfield code="c">25 cm</subfield></datafield><datafield ind1=" " ind2=" " tag="336"><subfield code="b">txt</subfield><subfield code="2">rdacontent</subfield></datafield><datafield ind1=" " ind2=" " tag="337"><subfield code="b">n</subfield><subfield code="2">rdamedia</subfield></datafield><datafield ind1=" " ind2=" " tag="338"><subfield code="b">nc</subfield><subfield code="2">rdacarrier</subfield></datafield><datafield ind1="1" ind2=" " tag="490"><subfield code="a">Handbuch zum Neuen Testament</subfield><subfield code="v">12</subfield></datafield><datafield ind1="0" ind2="7" tag="630"><subfield code="a">Bible</subfield><subfield code="p">N.T.</subfield><subfield code="p">Épîtres</subfield><subfield code="p">Paul</subfield><subfield code="p">Colossiens</subfield><subfield code="0">(IDREF)028946057</subfield><subfield code="2">idref</subfield></datafield><datafield ind1="0" ind2="7" tag="630"><subfield code="a">Bible</subfield><subfield code="p">N.T.</subfield><subfield code="p">Épîtres</subfield><subfield code="p">Paul</subfield><subfield code="p">Éphésiens</subfield><subfield code="0">(IDREF)028199375</subfield><subfield code="2">idref</subfield></datafield><datafield ind1="0" ind2="7" tag="630"><subfield code="a">Bible</subfield><subfield code="p">N.T.</subfield><subfield code="p">Épîtres</subfield><subfield code="p">Paul</subfield><subfield code="p">Philémon</subfield><subfield code="0">(IDREF)028201213</subfield><subfield code="2">idref</subfield></datafield><datafield ind1="0" ind2="7" tag="630"><subfield code="a">Bibel</subfield><subfield code="p">Kolosserbrief</subfield><subfield code="0">(DE-588)4075946-5</subfield><subfield code="2">gnd</subfield></datafield><datafield ind1="0" ind2="7" tag="630"><subfield code="a">Bibel</subfield><subfield code="p">Epheserbrief</subfield><subfield code="0">(DE-588)4075938-6</subfield><subfield code="2">gnd</subfield></datafield><datafield ind1="0" ind2="7" tag="630"><subfield code="a">Bibel</subfield><subfield code="p">Philemonbrief</subfield><subfield code="0">(DE-588)4075950-7</subfield><subfield code="2">gnd</subfield></datafield><datafield ind1=" " ind2="7" tag="655"><subfield code="a">Commentaire de texte</subfield><subfield code="0">(IDREF)27790681</subfield><subfield code="2">idref</subfield></datafield><datafield ind1=" " ind2="7" tag="655"><subfield code="a">Kommentar</subfield><subfield code="2">gnd-content</subfield></datafield><datafield ind1="1" ind2=" " tag="700"><subfield code="a">Greeven, Heinrich</subfield><subfield code="d">1906-1990</subfield><subfield code="0">(IDREF)071537724</subfield></datafield><datafield ind1="0" ind2=" " tag="730"><subfield code="a">Bible</subfield><subfield code="n">210</subfield><subfield code="p">N.T</subfield><subfield code="p">Epîtres de saint Paul</subfield><subfield code="l">Allemand</subfield><subfield code="k">Extraits</subfield></datafield><datafield ind1="4" ind2=" " tag="856"><subfield code="3">Inhaltsverzeichnis</subfield><subfield code="u">https://www.ub.unibas.ch/tox/IDSLUZ/000122503/PDF</subfield><subfield code="q">pdf</subfield></datafield><datafield ind1=" " ind2=" " tag="830"><subfield code="a">Handbuch zum Neuen Testament</subfield><subfield code="v">12</subfield><subfield code="w">(RERO)0566171-41slsp</subfield></datafield><datafield ind1=" " ind2=" " tag="830"><subfield code="a">Handbuch zum Neuen Testament</subfield><subfield code="v">12/1953</subfield><subfield code="w">(IDSLU)000131530ILU01</subfield></datafield><datafield ind1=" " ind2=" " tag="900"><subfield code="a">REROnoselfmerge</subfield></datafield><datafield ind1=" " ind2=" " tag="949"><subfield code="a">https://www.ub.unibas.ch/tox/IDSLUZ/000122503/PDF</subfield></datafield></record>
</metadata></record>