<record><header><identifier>oai:alma.41SLSP_UGE:991000789559705502</identifier><datestamp>2023-03-01T01:09:21Z</datestamp><setSpec>uge_bcen_RapidILL_BOOK</setSpec><setSpec>uge_aaca_RapidILL_BOOK</setSpec><setSpec>uge_abels_RapidILL_BOOK</setSpec><setSpec>uge_dbu_RapidILL_BOOK</setSpec><setSpec>uge_cmu_RapidILL_BOOK</setSpec><setSpec>uge_mail_RapidILL_BOOK</setSpec><setSpec>UNIGE_ALL</setSpec><setSpec>uge_abbat_RapidILL_BOOK</setSpec><setSpec>uge_aobs_RapidILL_BOOK</setSpec><setSpec>uge_acar_RapidILL_BOOK</setSpec></header><metadata>
<record xmlns="http://www.loc.gov/MARC21/slim" xmlns:xsi="http://www.w3.org/2001/XMLSchema-instance" xsi:schemaLocation="http://www.loc.gov/MARC21/slim http://www.loc.gov/standards/marcxml/schema/MARC21slim.xsd"><leader>01121nam a2200265 c 4500</leader><controlfield tag="001">991000789559705502</controlfield><controlfield tag="005">20201222184042.0</controlfield><controlfield tag="008">890630s1986    sz ||||| |||| 00| ||ger d</controlfield><datafield ind1=" " ind2=" " tag="035"><subfield code="a">(swissbib)083879706-41slsp_network</subfield></datafield><datafield ind1=" " ind2=" " tag="035"><subfield code="a">083879706</subfield><subfield code="9">ExL</subfield></datafield><datafield ind1=" " ind2=" " tag="035"><subfield code="a">(RERO)1129053-41slsp</subfield></datafield><datafield ind1=" " ind2=" " tag="035"><subfield code="a">(EXLNZ-41SLSP_NETWORK)991010980039705501</subfield></datafield><datafield ind1=" " ind2=" " tag="040"><subfield code="a">RERO geubfd</subfield><subfield code="d">CH-ZuSLS</subfield></datafield><datafield ind1="1" ind2=" " tag="041"><subfield code="a">ger</subfield><subfield code="h">fre</subfield></datafield><datafield ind1=" " ind2=" " tag="044"><subfield code="a">sz</subfield><subfield code="c">ch-ge</subfield></datafield><datafield ind1=" " ind2="7" tag="072"><subfield code="a">dr</subfield><subfield code="2">rero</subfield></datafield><datafield ind1=" " ind2=" " tag="084"><subfield code="a">CA/CH 67 i</subfield><subfield code="2">cjurrom</subfield></datafield><datafield ind1="1" ind2=" " tag="100"><subfield code="a">Piotet, Paul</subfield><subfield code="0">(IDREF)031657877</subfield><subfield code="4">cre</subfield></datafield><datafield ind1="1" ind2="0" tag="245"><subfield code="a">Erbgang und Herausgabe der Erbschaft</subfield><subfield code="c">von Paul Piotet ; [Übers. J. Bertin].</subfield><subfield code="n">13</subfield><subfield code="p">Das Verhältnis zwischen Gläubigern und Erben im Allgemeinen</subfield></datafield><datafield ind1=" " ind2="1" tag="264"><subfield code="a">Genève</subfield><subfield code="b">Schweiz. juristische Kartothek</subfield><subfield code="c">[1986?]</subfield></datafield><datafield ind1=" " ind2=" " tag="300"><subfield code="a">1 Karte (5 S.)</subfield><subfield code="c">25 cm</subfield></datafield><datafield ind1="1" ind2=" " tag="490"><subfield code="a">Schweiz. juristische Kartothek</subfield><subfield code="v">785</subfield></datafield><datafield ind1=" " ind2=" " tag="500"><subfield code="a">Stand der Gesetzgebung und der Rechtsprechung 1. Oktober 1985 (ersetzt die frühere Karte 785 vom 1. April 1943)</subfield></datafield><datafield ind1="1" ind2=" " tag="800"><subfield code="a">Piotet, Paul</subfield><subfield code="t">Erbgang und Herausgabe der Erbschaft</subfield><subfield code="v">13</subfield><subfield code="w">(RERO)1128998-41slsp</subfield></datafield><datafield ind1=" " ind2=" " tag="830"><subfield code="a">Schweizerische juristische Kartothek</subfield><subfield code="v">785</subfield><subfield code="w">(RERO)1106628-41slsp</subfield></datafield><datafield ind1=" " ind2=" " tag="900"><subfield code="a">REROnoselfmerge</subfield></datafield></record>
</metadata></record>