<record><header><identifier>oai:alma.41SLSP_UGE:991000789489705502</identifier><datestamp>2024-04-12T00:17:49Z</datestamp><setSpec>uge_bcen_RapidILL_BOOK</setSpec><setSpec>uge_aaca_RapidILL_BOOK</setSpec><setSpec>uge_abels_RapidILL_BOOK</setSpec><setSpec>uge_dbu_RapidILL_BOOK</setSpec><setSpec>uge_cmu_RapidILL_BOOK</setSpec><setSpec>uge_mail_RapidILL_BOOK</setSpec><setSpec>uge_abbat_RapidILL_BOOK</setSpec><setSpec>UNIGE_ALL</setSpec><setSpec>uge_aobs_RapidILL_BOOK</setSpec><setSpec>uge_acar_RapidILL_BOOK</setSpec></header><metadata>
<record xmlns="http://www.loc.gov/MARC21/slim" xmlns:xsi="http://www.w3.org/2001/XMLSchema-instance" xsi:schemaLocation="http://www.loc.gov/MARC21/slim http://www.loc.gov/standards/marcxml/schema/MARC21slim.xsd"><leader>01990nam a2200529uc 4500</leader><controlfield tag="001">991000789489705502</controlfield><controlfield tag="005">20230201202651.0</controlfield><controlfield tag="008">201011s1963    fr            00| | fre d</controlfield><datafield ind1=" " ind2=" " tag="020"><subfield code="a">2020029014</subfield></datafield><datafield ind1="7" ind2=" " tag="024"><subfield code="a">http://catalogue.bnf.fr/ark:/12148/cb37373571x</subfield><subfield code="2">uri</subfield></datafield><datafield ind1=" " ind2=" " tag="035"><subfield code="a">(swissbib)223798797-41slsp_network</subfield></datafield><datafield ind1=" " ind2=" " tag="035"><subfield code="a">223798797</subfield><subfield code="9">ExL</subfield></datafield><datafield ind1=" " ind2=" " tag="035"><subfield code="a">(IDSBB)001564300DSV01</subfield></datafield><datafield ind1=" " ind2=" " tag="035"><subfield code="a">(NEBIS)008745326EBI01</subfield></datafield><datafield ind1=" " ind2=" " tag="035"><subfield code="a">(RERO)0344567-41slsp</subfield></datafield><datafield ind1=" " ind2=" " tag="035"><subfield code="a">(OCoLC)491574003</subfield></datafield><datafield ind1=" " ind2=" " tag="035"><subfield code="a">(EXLNZ-41SLSP_NETWORK)991156383199705501</subfield></datafield><datafield ind1=" " ind2=" " tag="040"><subfield code="a">SzZuIDS BS/BE B400</subfield><subfield code="b">ger</subfield><subfield code="e">kids</subfield><subfield code="d">CH-ZuSLS</subfield></datafield><datafield ind1="1" ind2=" " tag="041"><subfield code="a">fre</subfield><subfield code="h">eng</subfield></datafield><datafield ind1=" " ind2=" " tag="050"><subfield code="a">BX945.2</subfield></datafield><datafield ind1=" " ind2="7" tag="072"><subfield code="a">th</subfield><subfield code="2">SzZuIDS BS/BE</subfield></datafield><datafield ind1=" " ind2="7" tag="072"><subfield code="a">hm</subfield><subfield code="2">rero</subfield></datafield><datafield ind1=" " ind2="7" tag="072"><subfield code="a">th</subfield><subfield code="2">rero</subfield></datafield><datafield ind1="0" ind2="4" tag="082"><subfield code="a">270</subfield></datafield><datafield ind1="1" ind2=" " tag="100"><subfield code="a">Daniélou, Jean</subfield><subfield code="d">1905-1974</subfield><subfield code="0">(DE-588)118523600</subfield><subfield code="6">880-01</subfield></datafield><datafield ind1="1" ind2=" " tag="880"><subfield code="6">100-01</subfield><subfield code="a">Daniélou, Jean</subfield><subfield code="d">1905-1974</subfield><subfield code="0">(IDREF)026810743</subfield></datafield><datafield ind1="1" ind2="0" tag="245"><subfield code="a">Des origines à saint Grégoire le Grand</subfield><subfield code="c">Jean Daniélou et Henri Marrou</subfield></datafield><datafield ind1=" " ind2="1" tag="264"><subfield code="a">Paris</subfield><subfield code="b">Ed. du Seuil</subfield><subfield code="c">1963</subfield></datafield><datafield ind1=" " ind2=" " tag="300"><subfield code="a">614 S.</subfield><subfield code="b">Karten; 1 Faltkarte</subfield></datafield><datafield ind1=" " ind2=" " tag="336"><subfield code="b">txt</subfield><subfield code="2">rdacontent</subfield></datafield><datafield ind1=" " ind2=" " tag="337"><subfield code="b">n</subfield><subfield code="2">rdamedia</subfield></datafield><datafield ind1=" " ind2=" " tag="338"><subfield code="b">nc</subfield><subfield code="2">rdacarrier</subfield></datafield><datafield ind1="1" ind2=" " tag="490"><subfield code="a">Nouvelle Histoire de l'Église</subfield><subfield code="v">Vol. 1</subfield></datafield><datafield ind1=" " ind2="7" tag="648"><subfield code="a">Kirchengeschichte 30-600</subfield><subfield code="2">gnd</subfield></datafield><datafield ind1=" " ind2="7" tag="650"><subfield code="a">Christentum</subfield><subfield code="0">(DE-588)4010074-1</subfield><subfield code="2">gnd</subfield></datafield><datafield ind1=" " ind2="7" tag="650"><subfield code="a">Antiquités chrétiennes</subfield><subfield code="2">ram</subfield></datafield><datafield ind1=" " ind2="7" tag="650"><subfield code="a">Église catholique</subfield><subfield code="x">Histoire</subfield><subfield code="2">ram</subfield></datafield><datafield ind1=" " ind2="7" tag="650"><subfield code="a">Christianisme</subfield><subfield code="y">30-600 (Église primitive)</subfield><subfield code="2">ram</subfield></datafield><datafield ind1=" " ind2="7" tag="650"><subfield code="a">Église</subfield><subfield code="y">30-600 (Église primitive)</subfield><subfield code="2">ram</subfield></datafield><datafield ind1=" " ind2="7" tag="650"><subfield code="a">Église</subfield><subfield code="0">(IDREF)027790258</subfield><subfield code="2">idref</subfield></datafield><datafield ind1=" " ind2="7" tag="650"><subfield code="a">époque patristique</subfield><subfield code="0">(RERO)A010172862</subfield><subfield code="2">rerovoc</subfield></datafield><datafield ind1="1" ind2=" " tag="700"><subfield code="a">Aubert, Roger</subfield><subfield code="c">chanoine</subfield><subfield code="d">1914-2009</subfield></datafield><datafield ind1="1" ind2=" " tag="700"><subfield code="a">Aubert, Roger</subfield><subfield code="c">Chanoine</subfield><subfield code="d">1914-2009</subfield><subfield code="0">(IDREF)026694727</subfield></datafield><datafield ind1="1" ind2=" " tag="700"><subfield code="a">Marrou, Henri Irénée</subfield><subfield code="d">1904-1977</subfield><subfield code="0">(DE-588)121172503</subfield><subfield code="6">880-02</subfield></datafield><datafield ind1="1" ind2=" " tag="880"><subfield code="6">700-02</subfield><subfield code="a">Marrou, Henri-Irénée</subfield><subfield code="d">1904-1977</subfield><subfield code="0">(IDREF)027011534</subfield></datafield><datafield ind1=" " ind2=" " tag="830"><subfield code="a">Nouvelle histoire de l'Eglise</subfield><subfield code="v">1</subfield><subfield code="w">(IDSBB)001564294DSV01</subfield></datafield><datafield ind1=" " ind2=" " tag="900"><subfield code="f">IDSU2medea</subfield></datafield><datafield ind1=" " ind2=" " tag="900"><subfield code="a">REROnoselfmerge</subfield></datafield></record>
</metadata></record>