<record><header><identifier>oai:alma.41SLSP_UGE:991000789699705502</identifier><datestamp>2023-03-01T01:09:21Z</datestamp><setSpec>uge_bcen_RapidILL_BOOK</setSpec><setSpec>uge_aaca_RapidILL_BOOK</setSpec><setSpec>uge_abels_RapidILL_BOOK</setSpec><setSpec>uge_dbu_RapidILL_BOOK</setSpec><setSpec>uge_cmu_RapidILL_BOOK</setSpec><setSpec>uge_mail_RapidILL_BOOK</setSpec><setSpec>UNIGE_ALL</setSpec><setSpec>uge_abbat_RapidILL_BOOK</setSpec><setSpec>uge_aobs_RapidILL_BOOK</setSpec><setSpec>uge_acar_RapidILL_BOOK</setSpec></header><metadata>
<record xmlns="http://www.loc.gov/MARC21/slim" xmlns:xsi="http://www.w3.org/2001/XMLSchema-instance" xsi:schemaLocation="http://www.loc.gov/MARC21/slim http://www.loc.gov/standards/marcxml/schema/MARC21slim.xsd"><leader>01230nam a2200313 c 4500</leader><controlfield tag="001">991000789699705502</controlfield><controlfield tag="005">20211016151608.0</controlfield><controlfield tag="008">860226s1980    gw ||||| |||| 00| ||ger d</controlfield><datafield ind1=" " ind2=" " tag="020"><subfield code="a">3170046721</subfield></datafield><datafield ind1=" " ind2=" " tag="035"><subfield code="a">(swissbib)080609945-41slsp_network</subfield></datafield><datafield ind1=" " ind2=" " tag="035"><subfield code="a">080609945</subfield><subfield code="9">ExL</subfield></datafield><datafield ind1=" " ind2=" " tag="035"><subfield code="a">(RERO)0686482-41slsp</subfield></datafield><datafield ind1=" " ind2=" " tag="035"><subfield code="a">(EXLNZ-41SLSP_NETWORK)991047501089705501</subfield></datafield><datafield ind1=" " ind2=" " tag="040"><subfield code="a">RERO geubfd</subfield><subfield code="d">CH-ZuSLS</subfield></datafield><datafield ind1=" " ind2="7" tag="072"><subfield code="a">dr</subfield><subfield code="2">rero</subfield></datafield><datafield ind1=" " ind2=" " tag="084"><subfield code="a">CA/D 49.4 b</subfield><subfield code="2">cjurrom</subfield></datafield><datafield ind1=" " ind2=" " tag="084"><subfield code="a">CA/D 58 b</subfield><subfield code="2">cjurrom</subfield></datafield><datafield ind1="1" ind2=" " tag="100"><subfield code="a">Kramer, Rainer</subfield><subfield code="d">19..-....</subfield><subfield code="0">(IDREF)251347400</subfield><subfield code="4">cre</subfield></datafield><datafield ind1="1" ind2="0" tag="245"><subfield code="a">Strahlenschutzverordnung</subfield><subfield code="b">Kommentar zur Verordnung über den Schutz vor Schäden durch ionisierende Strahlen mit amtlicher Begründung</subfield><subfield code="c">von Rainer Kramer und Georg Zerlett</subfield></datafield><datafield ind1=" " ind2=" " tag="250"><subfield code="a">2., völlig überarb. und erw. Aufl</subfield></datafield><datafield ind1=" " ind2="1" tag="264"><subfield code="a">Köln</subfield><subfield code="a">Stuttgart [etc.]</subfield><subfield code="b">W. Kohlhammer</subfield><subfield code="b">Deutscher Gemeindeverlag</subfield><subfield code="c">1980</subfield></datafield><datafield ind1=" " ind2=" " tag="300"><subfield code="a">XII, 594 p.</subfield><subfield code="b">ill.</subfield><subfield code="c">22 cm</subfield></datafield><datafield ind1=" " ind2=" " tag="336"><subfield code="b">txt</subfield><subfield code="2">rdacontent</subfield></datafield><datafield ind1=" " ind2=" " tag="337"><subfield code="b">n</subfield><subfield code="2">rdamedia</subfield></datafield><datafield ind1=" " ind2=" " tag="338"><subfield code="b">nc</subfield><subfield code="2">rdacarrier</subfield></datafield><datafield ind1="1" ind2=" " tag="490"><subfield code="a">Deutsches Strahlenschutzrecht</subfield><subfield code="v">Bd. 1</subfield></datafield><datafield ind1="1" ind2=" " tag="700"><subfield code="a">Zerlett, Georg</subfield><subfield code="d">1927-</subfield><subfield code="0">(IDREF)225667312</subfield></datafield><datafield ind1="1" ind2="2" tag="710"><subfield code="a">Deutschland (Bundesrepublik)</subfield><subfield code="t">Lois et arrêtés</subfield><subfield code="d">1976</subfield></datafield><datafield ind1=" " ind2=" " tag="830"><subfield code="a">Deutsches Strahlenschutzrecht</subfield><subfield code="v">1</subfield><subfield code="w">(RERO)0686488-41slsp</subfield></datafield><datafield ind1=" " ind2=" " tag="900"><subfield code="a">REROnoselfmerge</subfield></datafield></record>
</metadata></record>