<record><header><identifier>oai:alma.41SLSP_UGE:991000789589705502</identifier><datestamp>2023-03-01T01:09:21Z</datestamp><setSpec>uge_bcen_RapidILL_BOOK</setSpec><setSpec>uge_aaca_RapidILL_BOOK</setSpec><setSpec>uge_abels_RapidILL_BOOK</setSpec><setSpec>uge_dbu_RapidILL_BOOK</setSpec><setSpec>uge_cmu_RapidILL_BOOK</setSpec><setSpec>uge_mail_RapidILL_BOOK</setSpec><setSpec>UNIGE_ALL</setSpec><setSpec>uge_abbat_RapidILL_BOOK</setSpec><setSpec>uge_aobs_RapidILL_BOOK</setSpec><setSpec>uge_acar_RapidILL_BOOK</setSpec></header><metadata>
<record xmlns="http://www.loc.gov/MARC21/slim" xmlns:xsi="http://www.w3.org/2001/XMLSchema-instance" xsi:schemaLocation="http://www.loc.gov/MARC21/slim http://www.loc.gov/standards/marcxml/schema/MARC21slim.xsd"><leader>01735nam a2200457 c 4500</leader><controlfield tag="001">991000789589705502</controlfield><controlfield tag="005">20201231105405.0</controlfield><controlfield tag="008">201012s1978    fr ||||| |||| 00| ||fre d</controlfield><datafield ind1=" " ind2=" " tag="020"><subfield code="a">2701301610</subfield></datafield><datafield ind1=" " ind2=" " tag="035"><subfield code="a">(swissbib)238472841-41slsp_network</subfield></datafield><datafield ind1=" " ind2=" " tag="035"><subfield code="a">238472841</subfield><subfield code="9">ExL</subfield></datafield><datafield ind1=" " ind2=" " tag="035"><subfield code="a">(RERO)0447980-41slsp</subfield></datafield><datafield ind1=" " ind2=" " tag="035"><subfield code="a">(NEBIS)000130931EBI01</subfield></datafield><datafield ind1=" " ind2=" " tag="035"><subfield code="a">(EXLNZ-41SLSP_NETWORK)991067164309705501</subfield></datafield><datafield ind1=" " ind2=" " tag="040"><subfield code="a">RERO</subfield><subfield code="d">CH-ZuSLS</subfield></datafield><datafield ind1=" " ind2="7" tag="072"><subfield code="a">at</subfield><subfield code="2">rero</subfield></datafield><datafield ind1="0" ind2="4" tag="082"><subfield code="a">728.6/7/0944945</subfield></datafield><datafield ind1="1" ind2="4" tag="082"><subfield code="a">728.6</subfield><subfield code="2">9a</subfield></datafield><datafield ind1="1" ind2="4" tag="082"><subfield code="a">700</subfield></datafield><datafield ind1="1" ind2=" " tag="100"><subfield code="a">Raulin, Henri</subfield><subfield code="0">(IDREF)027090493</subfield><subfield code="4">cre</subfield></datafield><datafield ind1="1" ind2="0" tag="245"><subfield code="a">Corse</subfield><subfield code="c">par Henri Raulin et Georges Ravis-Giordani</subfield></datafield><datafield ind1=" " ind2="1" tag="264"><subfield code="a">Paris</subfield><subfield code="b">Berger-Levrault</subfield><subfield code="c">1978</subfield></datafield><datafield ind1=" " ind2=" " tag="300"><subfield code="a">253 p.</subfield><subfield code="c">31 cm</subfield><subfield code="b">fig.; cartes</subfield></datafield><datafield ind1=" " ind2=" " tag="336"><subfield code="b">txt</subfield><subfield code="2">rdacontent</subfield></datafield><datafield ind1=" " ind2=" " tag="337"><subfield code="b">n</subfield><subfield code="2">rdamedia</subfield></datafield><datafield ind1=" " ind2=" " tag="338"><subfield code="b">nc</subfield><subfield code="2">rdacarrier</subfield></datafield><datafield ind1="1" ind2=" " tag="490"><subfield code="a">L'architecture rurale française : corpus des genres, des types et des variantes</subfield><subfield code="v">22</subfield></datafield><datafield ind1=" " ind2=" " tag="504"><subfield code="a">Bibliogr.: p. 84</subfield></datafield><datafield ind1=" " ind2="7" tag="650"><subfield code="a">Architecture rurale française corse</subfield><subfield code="0">(RERO)A027728303</subfield><subfield code="2">rero</subfield></datafield><datafield ind1=" " ind2="7" tag="650"><subfield code="a">Bauernhaus</subfield><subfield code="0">(DE-588)4004768-4</subfield><subfield code="2">gnd</subfield></datafield><datafield ind1=" " ind2="7" tag="650"><subfield code="a">Hausbau</subfield><subfield code="0">(DE-588)4245918-7</subfield><subfield code="2">gnd</subfield></datafield><datafield ind1=" " ind2="0" tag="650"><subfield code="a">Architecture</subfield><subfield code="x">Details</subfield></datafield><datafield ind1=" " ind2="0" tag="650"><subfield code="a">Farm buildings</subfield><subfield code="z">France</subfield><subfield code="z">Corsica</subfield></datafield><datafield ind1=" " ind2="7" tag="650"><subfield code="a">KORSIKA (FRANKREICH)</subfield><subfield code="9">ger</subfield><subfield code="0">(ETHUDK)000003562</subfield><subfield code="2">ethudk</subfield></datafield><datafield ind1=" " ind2="7" tag="650"><subfield code="a">LÄNDLICHE WOHNGEBÄUDE (ARCHITEKTUR)</subfield><subfield code="9">ger</subfield><subfield code="0">(ETHUDK)000035706</subfield><subfield code="2">ethudk</subfield></datafield><datafield ind1=" " ind2="7" tag="651"><subfield code="a">Korsika</subfield><subfield code="0">(DE-588)4032527-1</subfield><subfield code="2">gnd</subfield></datafield><datafield ind1=" " ind2=" " tag="690"><subfield code="a">Bauernhaus / Einzelne Gebiete und Orte / Europa</subfield><subfield code="2">uzb-Z9</subfield></datafield><datafield ind1=" " ind2=" " tag="690"><subfield code="a">Korsika / Geschichte</subfield><subfield code="2">uzb-Z9</subfield></datafield><datafield ind1="1" ind2=" " tag="700"><subfield code="a">Ravis-Giordani, Georges</subfield><subfield code="0">(IDREF)027090957</subfield></datafield><datafield ind1=" " ind2=" " tag="830"><subfield code="a">&lt;&lt;L'&gt;&gt;architecture rurale française</subfield><subfield code="v">22</subfield><subfield code="w">(NEBIS)000007767EBI01</subfield></datafield><datafield ind1=" " ind2=" " tag="830"><subfield code="a">&lt;&lt;L'&gt;&gt;architecture rurale française</subfield><subfield code="v">22</subfield><subfield code="w">(RERO)0359705-41slsp</subfield></datafield><datafield ind1=" " ind2=" " tag="900"><subfield code="a">REROnoselfmerge</subfield></datafield><datafield ind1=" " ind2=" " tag="993"><subfield code="a">BFLB 30</subfield><subfield code="x">ge/ulha/a/83/0103</subfield><subfield code="9">LOCAL</subfield></datafield></record>
</metadata></record>