<record><header><identifier>oai:alma.41SLSP_UGE:991000779159705502</identifier><datestamp>2023-03-01T01:09:21Z</datestamp><setSpec>uge_bcen_RapidILL_BOOK</setSpec><setSpec>uge_aaca_RapidILL_BOOK</setSpec><setSpec>uge_abels_RapidILL_BOOK</setSpec><setSpec>uge_dbu_RapidILL_BOOK</setSpec><setSpec>uge_cmu_RapidILL_BOOK</setSpec><setSpec>uge_mail_RapidILL_BOOK</setSpec><setSpec>UNIGE_ALL</setSpec><setSpec>uge_abbat_RapidILL_BOOK</setSpec><setSpec>uge_aobs_RapidILL_BOOK</setSpec><setSpec>uge_acar_RapidILL_BOOK</setSpec></header><metadata>
<record xmlns="http://www.loc.gov/MARC21/slim" xmlns:xsi="http://www.w3.org/2001/XMLSchema-instance" xsi:schemaLocation="http://www.loc.gov/MARC21/slim http://www.loc.gov/standards/marcxml/schema/MARC21slim.xsd"><leader>01042nam a2200277 c 4500</leader><controlfield tag="001">991000779159705502</controlfield><controlfield tag="005">20211125200540.0</controlfield><controlfield tag="008">860514s1871    ii ||||| |||| 00| ||san d</controlfield><datafield ind1="7" ind2=" " tag="024"><subfield code="a">http://catalogue.bnf.fr/ark:/12148/cb31173766q</subfield><subfield code="2">uri</subfield></datafield><datafield ind1=" " ind2=" " tag="035"><subfield code="a">(swissbib)080788858-41slsp_network</subfield></datafield><datafield ind1=" " ind2=" " tag="035"><subfield code="a">080788858</subfield><subfield code="9">ExL</subfield></datafield><datafield ind1=" " ind2=" " tag="035"><subfield code="a">(RERO)0710816-41slsp</subfield></datafield><datafield ind1=" " ind2=" " tag="035"><subfield code="a">(EXLNZ-41SLSP_NETWORK)991063968399705501</subfield></datafield><datafield ind1=" " ind2=" " tag="040"><subfield code="a">RERO geudbu</subfield><subfield code="d">CH-ZuSLS</subfield></datafield><datafield ind1=" " ind2="7" tag="072"><subfield code="a">or</subfield><subfield code="2">rero</subfield></datafield><datafield ind1="0" ind2="0" tag="245"><subfield code="a">&lt;&lt;The&gt;&gt; Nrisinha Tāpanī of the Atharva Veda</subfield><subfield code="c">with the commentary of Śankara Āchārya ; ed. by Rāmamaya Tarkaratna</subfield></datafield><datafield ind1=" " ind2="1" tag="264"><subfield code="a">Calcutta</subfield><subfield code="b">Ganeśa Press</subfield><subfield code="c">1871</subfield></datafield><datafield ind1=" " ind2=" " tag="300"><subfield code="a">1 vol. (pag. en sanscrit)</subfield><subfield code="c">23 cm</subfield></datafield><datafield ind1=" " ind2=" " tag="336"><subfield code="b">txt</subfield><subfield code="2">rdacontent</subfield></datafield><datafield ind1=" " ind2=" " tag="337"><subfield code="b">n</subfield><subfield code="2">rdamedia</subfield></datafield><datafield ind1=" " ind2=" " tag="338"><subfield code="b">nc</subfield><subfield code="2">rdacarrier</subfield></datafield><datafield ind1="1" ind2=" " tag="490"><subfield code="a">Bibliotheca Indica</subfield></datafield><datafield ind1="0" ind2=" " tag="700"><subfield code="a">Śaṅkarācārya</subfield><subfield code="d">0788?-0820?</subfield><subfield code="0">(IDREF)02712200X</subfield></datafield><datafield ind1="0" ind2=" " tag="700"><subfield code="a">Rāmamaya Tarkaratna</subfield><subfield code="0">(RERO)A003775785</subfield></datafield><datafield ind1="0" ind2=" " tag="730"><subfield code="a">Veda</subfield><subfield code="p">Atharva-Veda</subfield><subfield code="l">Sanskrit</subfield><subfield code="k">Extraits</subfield></datafield><datafield ind1=" " ind2=" " tag="830"><subfield code="a">Bibliotheca Indica</subfield><subfield code="w">(RERO)0032626-41slsp</subfield></datafield><datafield ind1=" " ind2=" " tag="900"><subfield code="a">REROnoselfmerge</subfield></datafield></record>
</metadata></record>