<record><header><identifier>oai:alma.41SLSP_UGE:991000779679705502</identifier><datestamp>2024-04-11T00:14:01Z</datestamp><setSpec>uge_bcen_RapidILL_BOOK</setSpec><setSpec>uge_aaca_RapidILL_BOOK</setSpec><setSpec>uge_abels_RapidILL_BOOK</setSpec><setSpec>uge_dbu_RapidILL_BOOK</setSpec><setSpec>uge_cmu_RapidILL_BOOK</setSpec><setSpec>uge_mail_RapidILL_BOOK</setSpec><setSpec>uge_abbat_RapidILL_BOOK</setSpec><setSpec>UNIGE_ALL</setSpec><setSpec>uge_aobs_RapidILL_BOOK</setSpec><setSpec>uge_acar_RapidILL_BOOK</setSpec></header><metadata>
<record xmlns="http://www.loc.gov/MARC21/slim" xmlns:xsi="http://www.w3.org/2001/XMLSchema-instance" xsi:schemaLocation="http://www.loc.gov/MARC21/slim http://www.loc.gov/standards/marcxml/schema/MARC21slim.xsd"><leader>03150nam a2200757uc 4500</leader><controlfield tag="001">991000779679705502</controlfield><controlfield tag="005">20240410141802.0</controlfield><controlfield tag="008">201012t19821982sz       m    00| | ger  </controlfield><datafield ind1=" " ind2=" " tag="020"><subfield code="a">3258032084</subfield></datafield><datafield ind1=" " ind2=" " tag="035"><subfield code="a">(swissbib)236509187-41slsp_network</subfield></datafield><datafield ind1=" " ind2=" " tag="035"><subfield code="a">236509187</subfield><subfield code="9">ExL</subfield></datafield><datafield ind1=" " ind2=" " tag="035"><subfield code="a">(IDSSG)000126611HSB01</subfield></datafield><datafield ind1=" " ind2=" " tag="035"><subfield code="a">(RERO)0417400-41slsp</subfield></datafield><datafield ind1=" " ind2=" " tag="035"><subfield code="a">(IDSBB)000078193DSV01</subfield></datafield><datafield ind1=" " ind2=" " tag="035"><subfield code="a">(NEBIS)006157834EBI01</subfield></datafield><datafield ind1=" " ind2=" " tag="035"><subfield code="a">(ABN)000286961ABN01</subfield></datafield><datafield ind1=" " ind2=" " tag="035"><subfield code="a">(ALEX)bv01119354</subfield></datafield><datafield ind1=" " ind2=" " tag="035"><subfield code="a">(EXLNZ-41SLSP_NETWORK)991055633949705501</subfield></datafield><datafield ind1=" " ind2=" " tag="040"><subfield code="a">SzZuIDS HSG</subfield><subfield code="b">ger</subfield><subfield code="e">kids</subfield><subfield code="d">CH-ZuSLS</subfield></datafield><datafield ind1=" " ind2=" " tag="044"><subfield code="a">sz</subfield><subfield code="a">gw</subfield></datafield><datafield ind1=" " ind2=" " tag="050"><subfield code="a">KKW3613.I58</subfield><subfield code="b">W37 1982</subfield></datafield><datafield ind1=" " ind2="7" tag="072"><subfield code="a">se</subfield><subfield code="2">rero</subfield></datafield><datafield ind1=" " ind2="7" tag="072"><subfield code="a">vw</subfield><subfield code="2">SzZuIDS BS/BE</subfield></datafield><datafield ind1=" " ind2="7" tag="072"><subfield code="a">rf</subfield><subfield code="2">SzZuIDS BS/BE</subfield></datafield><datafield ind1="0" ind2="4" tag="082"><subfield code="a">332</subfield><subfield code="b">Sch75, v. 33</subfield><subfield code="2">19</subfield></datafield><datafield ind1="1" ind2="4" tag="082"><subfield code="a">340</subfield><subfield code="2">15</subfield></datafield><datafield ind1="1" ind2="4" tag="082"><subfield code="a">330</subfield><subfield code="2">15</subfield></datafield><datafield ind1=" " ind2=" " tag="084"><subfield code="a">CA/CH 54 h</subfield><subfield code="2">cjurrom</subfield></datafield><datafield ind1=" " ind2=" " tag="084"><subfield code="a">PP 8340</subfield><subfield code="2">rvk</subfield></datafield><datafield ind1=" " ind2=" " tag="084"><subfield code="a">QL 820</subfield><subfield code="2">rvk</subfield></datafield><datafield ind1="1" ind2=" " tag="100"><subfield code="a">Wassmer, Carla</subfield><subfield code="0">(RERO)A003959427</subfield><subfield code="4">cre</subfield></datafield><datafield ind1="1" ind2="0" tag="245"><subfield code="a">&lt;&lt;Die&gt;&gt; Besteuerung der Anlagefonds und deren Anleger</subfield><subfield code="c">Carla Wassmer</subfield></datafield><datafield ind1=" " ind2="1" tag="264"><subfield code="a">Bern</subfield><subfield code="b">Haupt</subfield><subfield code="c">1982</subfield></datafield><datafield ind1=" " ind2="4" tag="264"><subfield code="c">© 1982</subfield></datafield><datafield ind1=" " ind2=" " tag="300"><subfield code="a">XXVII, 241 S.</subfield><subfield code="b">Tab.</subfield><subfield code="c">22 cm</subfield></datafield><datafield ind1=" " ind2=" " tag="336"><subfield code="b">txt</subfield><subfield code="2">rdacontent</subfield></datafield><datafield ind1=" " ind2=" " tag="337"><subfield code="b">n</subfield><subfield code="2">rdamedia</subfield></datafield><datafield ind1=" " ind2=" " tag="338"><subfield code="b">nc</subfield><subfield code="2">rdacarrier</subfield></datafield><datafield ind1="1" ind2=" " tag="490"><subfield code="a">Schriftenreihe Finanzwirtschaft und Finanzrecht</subfield><subfield code="v">Bd. 33</subfield></datafield><datafield ind1=" " ind2=" " tag="500"><subfield code="a">HSGH: Diss.-Ausg.</subfield></datafield><datafield ind1=" " ind2=" " tag="502"><subfield code="a">Zugl.: Diss. Wirtschaftswiss. St. Gallen, 1982</subfield></datafield><datafield ind1=" " ind2=" " tag="502"><subfield code="b">Dissertation</subfield><subfield code="c">Hochschule St. Gallen</subfield><subfield code="d">1982</subfield><subfield code="o">0844</subfield></datafield><datafield ind1=" " ind2="7" tag="650"><subfield code="a">Droit fiscal</subfield><subfield code="0">(IDREF)02746718X</subfield><subfield code="2">idref</subfield></datafield><datafield ind1=" " ind2="7" tag="650"><subfield code="a">Sociétés d'investissement</subfield><subfield code="0">(IDREF)027763544</subfield><subfield code="2">idref</subfield></datafield><datafield ind1=" " ind2="7" tag="650"><subfield code="a">Anlagefonds</subfield><subfield code="x">Besteuerung</subfield><subfield code="z">Schweiz</subfield><subfield code="2">idsbb</subfield></datafield><datafield ind1=" " ind2="7" tag="650"><subfield code="a">Unternehmensbesteuerung</subfield><subfield code="0">(DE-STW)11679-3</subfield><subfield code="2">stw</subfield></datafield><datafield ind1=" " ind2="7" tag="650"><subfield code="a">Investmentfonds</subfield><subfield code="0">(DE-588)4114047-3</subfield><subfield code="2">gnd</subfield></datafield><datafield ind1=" " ind2="7" tag="650"><subfield code="a">Investmentgesellschaft</subfield><subfield code="0">(DE-588)4027581-4</subfield><subfield code="2">gnd</subfield></datafield><datafield ind1=" " ind2="7" tag="650"><subfield code="a">Steuer</subfield><subfield code="0">(DE-588)4057399-0</subfield><subfield code="2">gnd</subfield></datafield><datafield ind1=" " ind2="7" tag="650"><subfield code="a">Steuerrecht</subfield><subfield code="0">(DE-588)4116614-0</subfield><subfield code="2">gnd</subfield></datafield><datafield ind1=" " ind2="0" tag="650"><subfield code="a">Mutual funds</subfield><subfield code="x">Taxation</subfield><subfield code="x">Law and legislation</subfield><subfield code="z">Switzerland</subfield></datafield><datafield ind1=" " ind2="7" tag="650"><subfield code="a">Kapitalanleger</subfield><subfield code="0">(DE-588)4163258-8</subfield><subfield code="2">gnd</subfield></datafield><datafield ind1=" " ind2="7" tag="651"><subfield code="a">Suisse</subfield><subfield code="0">(IDREF)027249654</subfield><subfield code="2">idref</subfield></datafield><datafield ind1=" " ind2="7" tag="651"><subfield code="a">Schweiz</subfield><subfield code="0">(DE-588)4053881-3</subfield><subfield code="2">gnd</subfield></datafield><datafield ind1=" " ind2="7" tag="655"><subfield code="a">Hochschulschrift</subfield><subfield code="2">gnd-content</subfield></datafield><datafield ind1=" " ind2=" " tag="690"><subfield code="a">Jus Steuerrecht : 3) f) Besteuerung einzelner Arten juristischer Personen und der Anlagefonds (Überblick) : Anlagefonds (Investmenttrust)</subfield><subfield code="2">hsg-H9</subfield></datafield><datafield ind1=" " ind2=" " tag="690"><subfield code="a">Jus Steuerrecht : 2) c) Einkommenssteuer inklusive Unternehmensbesteuerung : Vermögensertragseinkommen : Allgemeines</subfield><subfield code="2">hsg-H9</subfield></datafield><datafield ind1=" " ind2=" " tag="690"><subfield code="a">Jus Handelsrecht Schweiz : Anlagefonds, Immobilienfonds</subfield><subfield code="2">hsg-H9</subfield></datafield><datafield ind1=" " ind2=" " tag="690"><subfield code="e">PF</subfield><subfield code="a">Einkommen- und Vermögensteuern, Ertrag- und Kapitalsteuern : Vermögensertrag</subfield><subfield code="2">hsg-iff</subfield></datafield><datafield ind1="1" ind2=" " tag="700"><subfield code="a">Cagianut, Francis</subfield><subfield code="d">1925-</subfield><subfield code="0">(DE-588)118927809</subfield><subfield code="e">Akademischer Betreuer</subfield><subfield code="4">dgs</subfield></datafield><datafield ind1=" " ind2=" " tag="830"><subfield code="a">Schriftenreihe Finanzwirtschaft und Finanzrecht</subfield><subfield code="v">33</subfield><subfield code="w">(NEBIS)000026757EBI01</subfield></datafield><datafield ind1=" " ind2=" " tag="830"><subfield code="a">Schriftenreihe Finanzwirtschaft und Finanzrecht</subfield><subfield code="v">33</subfield><subfield code="w">(IDSSG)000015394HSB01</subfield></datafield><datafield ind1=" " ind2=" " tag="830"><subfield code="a">Schriftenreihe Finanzwirtschaft und Finanzrecht</subfield><subfield code="v">33</subfield><subfield code="w">(IDSBB)000020917DSV01</subfield></datafield><datafield ind1=" " ind2=" " tag="900"><subfield code="a">REROnoselfmerge</subfield></datafield><datafield ind1=" " ind2=" " tag="900"><subfield code="a">IDSZ2rwimon201201l</subfield><subfield code="c">IDSZ2biss</subfield></datafield><datafield ind1=" " ind2=" " tag="900"><subfield code="a">IDSZRMedeaZBZ</subfield><subfield code="b">IDSZRSWK</subfield></datafield><datafield ind1=" " ind2=" " tag="900"><subfield code="f">IDSU2medea</subfield></datafield></record>
</metadata></record>