<record><header><identifier>oai:alma.41SLSP_UGE:991000789279705502</identifier><datestamp>2024-03-09T01:37:08Z</datestamp><setSpec>uge_bcen_RapidILL_BOOK</setSpec><setSpec>uge_aaca_RapidILL_BOOK</setSpec><setSpec>uge_abels_RapidILL_BOOK</setSpec><setSpec>uge_dbu_RapidILL_BOOK</setSpec><setSpec>uge_cmu_RapidILL_BOOK</setSpec><setSpec>uge_mail_RapidILL_BOOK</setSpec><setSpec>uge_abbat_RapidILL_BOOK</setSpec><setSpec>UNIGE_ALL</setSpec><setSpec>uge_acar_RapidILL_BOOK</setSpec><setSpec>uge_aobs_RapidILL_BOOK</setSpec></header><metadata>
<record xmlns="http://www.loc.gov/MARC21/slim" xmlns:xsi="http://www.w3.org/2001/XMLSchema-instance" xsi:schemaLocation="http://www.loc.gov/MARC21/slim http://www.loc.gov/standards/marcxml/schema/MARC21slim.xsd"><leader>03263nam a2200889 c 4500</leader><controlfield tag="001">991000789279705502</controlfield><controlfield tag="005">20240308053348.0</controlfield><controlfield tag="008">201012s1988    gw ||||| |||| 00| ||ger d</controlfield><datafield ind1=" " ind2=" " tag="020"><subfield code="a">3518283251</subfield></datafield><datafield ind1=" " ind2=" " tag="035"><subfield code="a">(swissbib)234413743-41slsp_network</subfield></datafield><datafield ind1=" " ind2=" " tag="035"><subfield code="a">234413743</subfield><subfield code="9">ExL</subfield></datafield><datafield ind1=" " ind2=" " tag="035"><subfield code="a">(RERO)1023020-41slsp</subfield></datafield><datafield ind1=" " ind2=" " tag="035"><subfield code="a">(NEBIS)001045636EBI01</subfield></datafield><datafield ind1=" " ind2=" " tag="035"><subfield code="a">(IDSBB)000474574DSV01</subfield></datafield><datafield ind1=" " ind2=" " tag="035"><subfield code="a">(IDSSG)000015734HSB01</subfield></datafield><datafield ind1=" " ind2=" " tag="035"><subfield code="a">(IDSLU)000036708ILU01</subfield></datafield><datafield ind1=" " ind2=" " tag="035"><subfield code="a">(ABN)000006436ABN01</subfield></datafield><datafield ind1=" " ind2=" " tag="035"><subfield code="a">(ALEX)bv001102590</subfield></datafield><datafield ind1=" " ind2=" " tag="035"><subfield code="a">(EXLNZ-41SLSP_NETWORK)991103373869705501</subfield></datafield><datafield ind1=" " ind2=" " tag="040"><subfield code="a">RERO frbcuc</subfield><subfield code="d">CH-ZuSLS</subfield></datafield><datafield ind1=" " ind2="7" tag="072"><subfield code="a">hg</subfield><subfield code="2">rero</subfield></datafield><datafield ind1=" " ind2="7" tag="072"><subfield code="a">ga</subfield><subfield code="2">SzZuIDS BS/BE</subfield></datafield><datafield ind1=" " ind2="7" tag="072"><subfield code="a">650</subfield><subfield code="2">IDS LU</subfield></datafield><datafield ind1="0" ind2="0" tag="082"><subfield code="a">305.42/09</subfield><subfield code="2">20</subfield></datafield><datafield ind1="1" ind2="4" tag="082"><subfield code="a">900</subfield><subfield code="2">15</subfield></datafield><datafield ind1=" " ind2=" " tag="084"><subfield code="a">MS 3000</subfield><subfield code="2">rvk</subfield></datafield><datafield ind1=" " ind2=" " tag="084"><subfield code="a">MS 3150</subfield><subfield code="2">rvk</subfield></datafield><datafield ind1=" " ind2=" " tag="084"><subfield code="a">NW 8100</subfield><subfield code="2">rvk</subfield></datafield><datafield ind1="0" ind2="0" tag="245"><subfield code="a">Weiblichkeit in geschichtlicher Perspektive</subfield><subfield code="b">Fallstudien und Reflexionen zu Grundproblemen der historischen Frauenforschung</subfield><subfield code="c">hrsg. von Ursula A.J. Becher und Jörn Rüsen</subfield></datafield><datafield ind1=" " ind2="1" tag="264"><subfield code="a">Frankfurt am Main</subfield><subfield code="b">Suhrkamp</subfield><subfield code="c">1988</subfield></datafield><datafield ind1=" " ind2=" " tag="300"><subfield code="a">549 S.</subfield><subfield code="b">7 Abb.</subfield><subfield code="c">18 cm</subfield></datafield><datafield ind1=" " ind2=" " tag="336"><subfield code="b">txt</subfield><subfield code="2">rdacontent</subfield></datafield><datafield ind1=" " ind2=" " tag="337"><subfield code="b">n</subfield><subfield code="2">rdamedia</subfield></datafield><datafield ind1=" " ind2=" " tag="338"><subfield code="b">nc</subfield><subfield code="2">rdacarrier</subfield></datafield><datafield ind1="1" ind2=" " tag="490"><subfield code="a">Suhrkamp Taschenbuch Wissenschaft</subfield><subfield code="v">725</subfield></datafield><datafield ind1=" " ind2=" " tag="504"><subfield code="a">Literaturangaben</subfield></datafield><datafield ind1=" " ind2=" " tag="504"><subfield code="a">Anmerkungen am Ende der Beiträge</subfield></datafield><datafield ind1=" " ind2="7" tag="648"><subfield code="a">Geschichte</subfield><subfield code="2">gnd</subfield></datafield><datafield ind1=" " ind2="7" tag="650"><subfield code="a">Féminité</subfield><subfield code="0">(IDREF)027458768</subfield><subfield code="2">idref</subfield></datafield><datafield ind1=" " ind2="7" tag="650"><subfield code="a">Femmes</subfield><subfield code="0">(IDREF)027537242</subfield><subfield code="2">idref</subfield></datafield><datafield ind1=" " ind2="7" tag="650"><subfield code="a">Recherche</subfield><subfield code="0">(IDREF)027315754</subfield><subfield code="2">idref</subfield></datafield><datafield ind1=" " ind2="7" tag="650"><subfield code="a">Frau</subfield><subfield code="2">idszbz</subfield></datafield><datafield ind1=" " ind2="7" tag="650"><subfield code="a">Frauenforschung</subfield><subfield code="2">idszbz</subfield></datafield><datafield ind1=" " ind2="7" tag="650"><subfield code="a">Geschichtswissenschaft</subfield><subfield code="2">idszbz</subfield></datafield><datafield ind1=" " ind2="7" tag="650"><subfield code="a">Weiblichkeit</subfield><subfield code="0">(DE-588)4079101-4</subfield><subfield code="2">gnd</subfield></datafield><datafield ind1=" " ind2="0" tag="650"><subfield code="a">Feminism</subfield><subfield code="x">History</subfield></datafield><datafield ind1=" " ind2="0" tag="650"><subfield code="a">Sex role</subfield><subfield code="x">History</subfield></datafield><datafield ind1=" " ind2="0" tag="650"><subfield code="a">Women's studies</subfield><subfield code="x">History</subfield></datafield><datafield ind1=" " ind2="0" tag="650"><subfield code="a">Women</subfield><subfield code="x">History</subfield></datafield><datafield ind1=" " ind2="7" tag="650"><subfield code="a">Frauenforschung</subfield><subfield code="0">(DE-588)4244891-8</subfield><subfield code="2">gnd</subfield></datafield><datafield ind1=" " ind2="7" tag="650"><subfield code="a">Geschlechtergeschichte</subfield><subfield code="0">(DE-588)4547810-7</subfield><subfield code="2">gnd</subfield></datafield><datafield ind1=" " ind2="7" tag="650"><subfield code="a">Frauenforschung</subfield><subfield code="2">idsbb</subfield></datafield><datafield ind1=" " ind2="7" tag="650"><subfield code="a">Frau</subfield><subfield code="y">Geschichte</subfield><subfield code="2">idsbb</subfield></datafield><datafield ind1=" " ind2="7" tag="650"><subfield code="a">Forschung</subfield><subfield code="0">(DE-588)4017894-8</subfield><subfield code="2">gnd</subfield></datafield><datafield ind1=" " ind2="7" tag="650"><subfield code="a">Frau</subfield><subfield code="0">(DE-588)4018202-2</subfield><subfield code="2">gnd</subfield></datafield><datafield ind1=" " ind2="7" tag="655"><subfield code="a">[Études diverses]</subfield><subfield code="0">(RERO)A022249905</subfield><subfield code="2">rero</subfield></datafield><datafield ind1=" " ind2="7" tag="655"><subfield code="a">Aufsatzsammlung</subfield><subfield code="2">idszbz</subfield></datafield><datafield ind1=" " ind2="7" tag="655"><subfield code="a">Aufsatzsammlung</subfield><subfield code="2">gnd-content</subfield></datafield><datafield ind1=" " ind2=" " tag="690"><subfield code="a">Frau/Mann</subfield><subfield code="2">uzb-VK</subfield></datafield><datafield ind1=" " ind2=" " tag="690"><subfield code="a">Sozialgeschichte</subfield><subfield code="2">uzb-VK</subfield></datafield><datafield ind1=" " ind2=" " tag="690"><subfield code="a">Frau</subfield><subfield code="2">uzb-UX</subfield></datafield><datafield ind1=" " ind2=" " tag="690"><subfield code="a">Sozialgeschichte</subfield><subfield code="2">uzb-UX</subfield></datafield><datafield ind1=" " ind2=" " tag="690"><subfield code="a">Kultursoziologie</subfield><subfield code="2">uzb-UH</subfield></datafield><datafield ind1=" " ind2=" " tag="690"><subfield code="a">Frauenfragen</subfield><subfield code="2">uzb-UH</subfield></datafield><datafield ind1=" " ind2=" " tag="690"><subfield code="a">Geschichte</subfield><subfield code="2">uzb-UH</subfield></datafield><datafield ind1=" " ind2=" " tag="690"><subfield code="a">Kulturwissenschaften / Geschlechterforschung</subfield><subfield code="2">bsb-G8</subfield></datafield><datafield ind1=" " ind2=" " tag="690"><subfield code="a">Geschlechterforschung / Kulturwissenschaften</subfield><subfield code="2">bsb-G8</subfield></datafield><datafield ind1=" " ind2=" " tag="690"><subfield code="a">Frauenforschung, B: historische</subfield><subfield code="2">rzs-L1</subfield></datafield><datafield ind1=" " ind2=" " tag="690"><subfield code="a">Geschichtswissenschaft, B: Frau</subfield><subfield code="2">rzs-L1</subfield></datafield><datafield ind1=" " ind2=" " tag="690"><subfield code="a">Weiblichkeit. Geschichte. A.</subfield><subfield code="2">rzs-L1</subfield></datafield><datafield ind1=" " ind2=" " tag="690"><subfield code="a">Sozialgeschichte, B: Frau</subfield><subfield code="2">rzs-L1</subfield></datafield><datafield ind1="1" ind2=" " tag="700"><subfield code="a">Rüsen, Jörn</subfield><subfield code="d">1938-</subfield><subfield code="0">(DE-588)120439921</subfield></datafield><datafield ind1="1" ind2=" " tag="700"><subfield code="a">Rüsen, Jörn</subfield></datafield><datafield ind1="1" ind2=" " tag="700"><subfield code="a">Becher, Ursula A. J.</subfield><subfield code="d">1934-2023</subfield><subfield code="0">(DE-588)108992217</subfield><subfield code="6">880-02</subfield></datafield><datafield ind1="1" ind2=" " tag="880"><subfield code="6">700-02</subfield><subfield code="a">Becher, Ursula A. J.</subfield><subfield code="d">1934-....</subfield><subfield code="0">(IDREF)030328330</subfield></datafield><datafield ind1=" " ind2=" " tag="830"><subfield code="a">Suhrkamp-Taschenbuch Wissenschaft</subfield><subfield code="v">725</subfield><subfield code="w">(NEBIS)000999082EBI01</subfield></datafield><datafield ind1=" " ind2=" " tag="830"><subfield code="a">Suhrkamp Taschenbuch Wissenschaft</subfield><subfield code="v">725</subfield><subfield code="w">(RERO)0490226-41slsp</subfield></datafield><datafield ind1=" " ind2=" " tag="900"><subfield code="a">REROnoselfmerge</subfield></datafield></record>
</metadata></record>