<record><header><identifier>oai:alma.41SLSP_UGE:991000779369705502</identifier><datestamp>2023-06-27T00:15:02Z</datestamp><setSpec>uge_bcen_RapidILL_BOOK</setSpec><setSpec>uge_aaca_RapidILL_BOOK</setSpec><setSpec>uge_abels_RapidILL_BOOK</setSpec><setSpec>uge_dbu_RapidILL_BOOK</setSpec><setSpec>uge_cmu_RapidILL_BOOK</setSpec><setSpec>uge_mail_RapidILL_BOOK</setSpec><setSpec>uge_abbat_RapidILL_BOOK</setSpec><setSpec>UNIGE_ALL</setSpec><setSpec>uge_aobs_RapidILL_BOOK</setSpec><setSpec>uge_acar_RapidILL_BOOK</setSpec></header><metadata>
<record xmlns="http://www.loc.gov/MARC21/slim" xmlns:xsi="http://www.w3.org/2001/XMLSchema-instance" xsi:schemaLocation="http://www.loc.gov/MARC21/slim http://www.loc.gov/standards/marcxml/schema/MARC21slim.xsd"><leader>01303nam a2200349uc 4500</leader><controlfield tag="001">991000779369705502</controlfield><controlfield tag="005">20230626154739.0</controlfield><controlfield tag="008">201011s1991    gw ||||| |||| 00| ||ger d</controlfield><datafield ind1=" " ind2=" " tag="020"><subfield code="a">3170112066</subfield></datafield><datafield ind1="7" ind2=" " tag="024"><subfield code="a">http://catalogue.bnf.fr/ark:/12148/cb36680324q</subfield><subfield code="2">uri</subfield></datafield><datafield ind1=" " ind2=" " tag="035"><subfield code="a">(swissbib)218275692-41slsp_network</subfield></datafield><datafield ind1=" " ind2=" " tag="035"><subfield code="a">218275692</subfield><subfield code="9">ExL</subfield></datafield><datafield ind1=" " ind2=" " tag="035"><subfield code="a">(IDSBB)000797941DSV01</subfield></datafield><datafield ind1=" " ind2=" " tag="035"><subfield code="a">(RERO)1518429-41slsp</subfield></datafield><datafield ind1=" " ind2=" " tag="035"><subfield code="a">(EXLNZ-41SLSP_NETWORK)991159672819705501</subfield></datafield><datafield ind1=" " ind2=" " tag="040"><subfield code="a">SzZuIDS BS/BE B400</subfield><subfield code="b">ger</subfield><subfield code="e">kids</subfield><subfield code="d">CH-ZuSLS</subfield></datafield><datafield ind1=" " ind2="7" tag="072"><subfield code="a">nd</subfield><subfield code="2">SzZuIDS BS/BE</subfield></datafield><datafield ind1=" " ind2="7" tag="072"><subfield code="a">al</subfield><subfield code="2">rero</subfield></datafield><datafield ind1="1" ind2="4" tag="082"><subfield code="a">830</subfield><subfield code="2">15</subfield></datafield><datafield ind1=" " ind2=" " tag="084"><subfield code="a">GK 3183</subfield><subfield code="2">rvk</subfield></datafield><datafield ind1="1" ind2=" " tag="100"><subfield code="a">Brentano, Clemens</subfield><subfield code="d">1778-1842</subfield><subfield code="0">(IDREF)028260538</subfield><subfield code="4">cre</subfield></datafield><datafield ind1="1" ind2="0" tag="245"><subfield code="a">Briefe III</subfield><subfield code="b">1803-1807</subfield><subfield code="c">hrsg. von Lieselotte Kinskofer</subfield></datafield><datafield ind1=" " ind2="1" tag="264"><subfield code="a">Stuttgart</subfield><subfield code="b">W. Kohlhammer</subfield><subfield code="c">1991</subfield></datafield><datafield ind1=" " ind2=" " tag="300"><subfield code="a">751 S.</subfield><subfield code="c">23 cm</subfield></datafield><datafield ind1=" " ind2=" " tag="336"><subfield code="b">txt</subfield><subfield code="2">rdacontent</subfield></datafield><datafield ind1=" " ind2=" " tag="337"><subfield code="b">n</subfield><subfield code="2">rdamedia</subfield></datafield><datafield ind1=" " ind2=" " tag="338"><subfield code="b">nc</subfield><subfield code="2">rdacarrier</subfield></datafield><datafield ind1="1" ind2=" " tag="490"><subfield code="a">Sämtliche Werke und Briefe / Clemens Brentano</subfield><subfield code="v">Bd. 31. Briefe, 3</subfield></datafield><datafield ind1="1" ind2=" " tag="700"><subfield code="a">Kinskofer, Lieselotte</subfield><subfield code="d">1959-....</subfield><subfield code="0">(IDREF)033385246</subfield></datafield><datafield ind1="1" ind2=" " tag="800"><subfield code="a">Brentano, Clemens</subfield><subfield code="d">1778-1842</subfield><subfield code="t">Sämtliche Werke und Briefe</subfield><subfield code="v">31</subfield><subfield code="w">(IDSBB)000103999DSV01</subfield></datafield><datafield ind1="1" ind2=" " tag="800"><subfield code="a">Brentano, Clemens</subfield><subfield code="d">1778-1842</subfield><subfield code="t">Briefe</subfield><subfield code="v">3</subfield><subfield code="w">(RERO)1087215-41slsp</subfield></datafield><datafield ind1="1" ind2=" " tag="800"><subfield code="a">Brentano, Clemens</subfield><subfield code="d">1778-1842</subfield><subfield code="t">Werke</subfield><subfield code="v">31</subfield><subfield code="w">(RERO)0545318-41slsp</subfield></datafield><datafield ind1=" " ind2=" " tag="900"><subfield code="a">REROnoselfmerge</subfield></datafield></record>
</metadata></record>