<record><header><identifier>oai:alma.41SLSP_UGE:991000779559705502</identifier><datestamp>2023-07-03T00:41:49Z</datestamp><setSpec>uge_bcen_RapidILL_BOOK</setSpec><setSpec>uge_aaca_RapidILL_BOOK</setSpec><setSpec>uge_abels_RapidILL_BOOK</setSpec><setSpec>uge_dbu_RapidILL_BOOK</setSpec><setSpec>uge_cmu_RapidILL_BOOK</setSpec><setSpec>uge_mail_RapidILL_BOOK</setSpec><setSpec>uge_abbat_RapidILL_BOOK</setSpec><setSpec>UNIGE_ALL</setSpec><setSpec>uge_aobs_RapidILL_BOOK</setSpec><setSpec>uge_acar_RapidILL_BOOK</setSpec></header><metadata>
<record xmlns="http://www.loc.gov/MARC21/slim" xmlns:xsi="http://www.w3.org/2001/XMLSchema-instance" xsi:schemaLocation="http://www.loc.gov/MARC21/slim http://www.loc.gov/standards/marcxml/schema/MARC21slim.xsd"><leader>02410nam a2200445 c 4500</leader><controlfield tag="001">991000779559705502</controlfield><controlfield tag="005">20230702083039.0</controlfield><controlfield tag="008">201011s1996    gw ||||| |||| 00| ||fre d</controlfield><datafield ind1=" " ind2=" " tag="020"><subfield code="a">3631306482</subfield></datafield><datafield ind1=" " ind2=" " tag="035"><subfield code="a">(swissbib)224661132-41slsp_network</subfield></datafield><datafield ind1=" " ind2=" " tag="035"><subfield code="a">224661132</subfield><subfield code="9">ExL</subfield></datafield><datafield ind1=" " ind2=" " tag="035"><subfield code="a">(RERO)R221750160-41slsp</subfield></datafield><datafield ind1=" " ind2=" " tag="035"><subfield code="a">(IDSSG)000226832HSB01</subfield></datafield><datafield ind1=" " ind2=" " tag="035"><subfield code="a">(EXLNZ-41SLSP_NETWORK)991128264509705501</subfield></datafield><datafield ind1=" " ind2=" " tag="040"><subfield code="a">RERO geulfr</subfield><subfield code="d">CH-ZuSLS</subfield></datafield><datafield ind1=" " ind2="7" tag="072"><subfield code="a">fr</subfield><subfield code="2">rero</subfield></datafield><datafield ind1="0" ind2="0" tag="245"><subfield code="a">Panorama de la presse parisienne</subfield><subfield code="b">histoire et actualité, genres et langages</subfield><subfield code="c">Ernst Ulrich Grosse, Ernst Seibold (Hrsg.)</subfield></datafield><datafield ind1=" " ind2=" " tag="250"><subfield code="a">Nouvelle éd., entièrement refondue</subfield></datafield><datafield ind1=" " ind2="1" tag="264"><subfield code="a">Frankfurt am Main</subfield><subfield code="b">P. Lang</subfield><subfield code="c">1996</subfield></datafield><datafield ind1=" " ind2=" " tag="300"><subfield code="a">264 p.</subfield><subfield code="b">ill. ; 21 cm</subfield></datafield><datafield ind1=" " ind2=" " tag="336"><subfield code="b">txt</subfield><subfield code="2">rdacontent</subfield></datafield><datafield ind1=" " ind2=" " tag="337"><subfield code="b">n</subfield><subfield code="2">rdamedia</subfield></datafield><datafield ind1=" " ind2=" " tag="338"><subfield code="b">nc</subfield><subfield code="2">rdacarrier</subfield></datafield><datafield ind1="1" ind2=" " tag="490"><subfield code="a">Werkstruktur und Hintergrund</subfield><subfield code="v">Bd. 3</subfield></datafield><datafield ind1=" " ind2="7" tag="650"><subfield code="a">Presse</subfield><subfield code="0">(IDREF)027241211</subfield><subfield code="2">idref</subfield></datafield><datafield ind1=" " ind2="7" tag="650"><subfield code="a">20e siècle (fin)</subfield><subfield code="0">(RERO)A022536780</subfield><subfield code="2">rero</subfield></datafield><datafield ind1=" " ind2="7" tag="650"><subfield code="a">Presse</subfield><subfield code="0">(DE-588)4047150-0</subfield><subfield code="2">gnd</subfield></datafield><datafield ind1=" " ind2="7" tag="650"><subfield code="a">Zeitungssprache</subfield><subfield code="0">(DE-588)4131821-3</subfield><subfield code="2">gnd</subfield></datafield><datafield ind1=" " ind2="7" tag="650"><subfield code="a">Französisch</subfield><subfield code="0">(DE-588)4113615-9</subfield><subfield code="2">gnd</subfield></datafield><datafield ind1=" " ind2="7" tag="651"><subfield code="a">Paris (France)</subfield><subfield code="0">(IDREF)027244520</subfield><subfield code="2">idref</subfield></datafield><datafield ind1=" " ind2="7" tag="651"><subfield code="a">Frankreich</subfield><subfield code="0">(DE-588)4018145-5</subfield><subfield code="2">gnd</subfield></datafield><datafield ind1=" " ind2="7" tag="651"><subfield code="a">Paris</subfield><subfield code="0">(DE-588)4044660-8</subfield><subfield code="2">gnd</subfield></datafield><datafield ind1=" " ind2=" " tag="690"><subfield code="a">Genre; Et; Annex; Figaro; Coup; ET; Regierung; Meinung; Essay; Journal; Klassifikation; Wissenschaft; Zeitung; Analyse; Freytag; Mond; Porträt; Presse; Sport</subfield><subfield code="2">idssg-J</subfield></datafield><datafield ind1=" " ind2=" " tag="690"><subfield code="a">Histoire; Sporttageszeitung; Zwillingritz</subfield><subfield code="2">idssg-J</subfield></datafield><datafield ind1=" " ind2=" " tag="690"><subfield code="a">Europa C4E</subfield><subfield code="2">idssg-J</subfield></datafield><datafield ind1=" " ind2=" " tag="690"><subfield code="a">Alexandre Tchirva; Autres quotidiens nationaux; Daniela Bohnacker; Ernst SEIBOLD; Ernst ULRICH GROSSE; Ernst ULRICH GROSSE ERNST SEIBOLD Hrsg.; Ernst Ulrich Grosse; Histoire et; Histoire perspectives; IledeFrance Ulrich Grosse Verena Thiele Wittig; Introduction Ernst Ulrich Grosse Ernst Seibold; Johannes Freytag; LANGAGES NOUVELLE ÉDITION ENTIEREMENT; Le Figaro premier quotidien; Le Parisien; Le quotidien communiste Humanité; Libération new journalism; Peter LANG Europàischer; Premier quotidien; Sporttageszeitung Europas Darko Pétrie</subfield><subfield code="2">idssg-J</subfield></datafield><datafield ind1="1" ind2=" " tag="700"><subfield code="a">Seibold, Ernst</subfield><subfield code="d">1961-....</subfield><subfield code="0">(IDREF)033585458</subfield></datafield><datafield ind1="1" ind2=" " tag="700"><subfield code="a">Grosse, Ernst Ulrich</subfield><subfield code="d">1938-....</subfield><subfield code="0">(IDREF)029241219</subfield></datafield><datafield ind1="4" ind2=" " tag="856"><subfield code="u">https://tools.unisg.ch/url/hm00019218</subfield><subfield code="z">Inhaltsverzeichnis</subfield></datafield><datafield ind1=" " ind2="0" tag="830"><subfield code="a">Werkstruktur und Hintergrund</subfield><subfield code="v">3</subfield><subfield code="w">(RERO)1204249-41slsp</subfield></datafield><datafield ind1=" " ind2=" " tag="949"><subfield code="a">https://tools.unisg.ch/url/hm00019218</subfield></datafield></record>
</metadata></record>