<record><header><identifier>oai:alma.41SLSP_UGE:991000779139705502</identifier><datestamp>2023-04-13T00:11:45Z</datestamp><setSpec>uge_bcen_RapidILL_BOOK</setSpec><setSpec>uge_aaca_RapidILL_BOOK</setSpec><setSpec>uge_abels_RapidILL_BOOK</setSpec><setSpec>uge_dbu_RapidILL_BOOK</setSpec><setSpec>uge_cmu_RapidILL_BOOK</setSpec><setSpec>uge_mail_RapidILL_BOOK</setSpec><setSpec>uge_abbat_RapidILL_BOOK</setSpec><setSpec>UNIGE_ALL</setSpec><setSpec>uge_acar_RapidILL_BOOK</setSpec><setSpec>uge_aobs_RapidILL_BOOK</setSpec></header><metadata>
<record xmlns="http://www.loc.gov/MARC21/slim" xmlns:xsi="http://www.w3.org/2001/XMLSchema-instance" xsi:schemaLocation="http://www.loc.gov/MARC21/slim http://www.loc.gov/standards/marcxml/schema/MARC21slim.xsd"><leader>03257nam a2200409 c 4500</leader><controlfield tag="001">991000779139705502</controlfield><controlfield tag="005">20230412172532.0</controlfield><controlfield tag="008">070112s2005    ru ||||| |||| 00| ||rus d</controlfield><datafield ind1=" " ind2=" " tag="020"><subfield code="a">5020335118</subfield></datafield><datafield ind1=" " ind2=" " tag="020"><subfield code="a">5020103454</subfield><subfield code="q">kn.1</subfield></datafield><datafield ind1=" " ind2=" " tag="020"><subfield code="a">5020103462</subfield><subfield code="q">kn.2</subfield></datafield><datafield ind1="7" ind2=" " tag="024"><subfield code="a">http://catalogue.bnf.fr/ark:/12148/cb41157199p</subfield><subfield code="2">uri</subfield></datafield><datafield ind1=" " ind2=" " tag="035"><subfield code="a">(swissbib)104599588-41slsp_network</subfield></datafield><datafield ind1=" " ind2=" " tag="035"><subfield code="a">104599588</subfield><subfield code="9">ExL</subfield></datafield><datafield ind1=" " ind2=" " tag="035"><subfield code="a">(RERO)R004306438-41slsp</subfield></datafield><datafield ind1=" " ind2=" " tag="035"><subfield code="a">(EXLNZ-41SLSP_NETWORK)991068819309705501</subfield></datafield><datafield ind1=" " ind2=" " tag="040"><subfield code="a">RERO geulru</subfield><subfield code="d">CH-ZuSLS</subfield></datafield><datafield ind1=" " ind2="7" tag="072"><subfield code="a">ru</subfield><subfield code="2">rero</subfield></datafield><datafield ind1="0" ind2="0" tag="245"><subfield code="6">880-01</subfield><subfield code="a">Zemskoe smoupravlenie v Rossii, 1864-1918</subfield><subfield code="b">v dvukh knigakh</subfield><subfield code="c">Rossiĭskai︠a︡ akademii︠a︡ nauk, Institut rossiĭskoĭ istorii ; [otvetstvennyĭ red. N.G. Koroleva]</subfield></datafield><datafield ind1="0" ind2="0" tag="880"><subfield code="6">245-01/(N</subfield><subfield code="a">Земское самоуправление в России, 1864-1918</subfield><subfield code="b">в двух книгах</subfield><subfield code="c">Российская академия наук, Институт российской истории ; [ответственный ред. Н.Г. Королева]</subfield></datafield><datafield ind1="1" ind2=" " tag="246"><subfield code="a">Zemskoe smoupravlenie v Rossii, 1864-1918</subfield><subfield code="b">v dvuch knigach / Rossijskaja akademija nauk, Institut rossijskoj istorii ; [otvetstvennyj red. N.G. Koroleva]</subfield></datafield><datafield ind1=" " ind2="1" tag="264"><subfield code="6">880-02</subfield><subfield code="a">Moskva</subfield><subfield code="b">Nauka</subfield><subfield code="c">2005</subfield></datafield><datafield ind1=" " ind2="1" tag="880"><subfield code="6">264-02/(N</subfield><subfield code="a">Москва</subfield><subfield code="b">Наука</subfield><subfield code="c">2005</subfield></datafield><datafield ind1=" " ind2=" " tag="300"><subfield code="a">2 vol.</subfield></datafield><datafield ind1=" " ind2=" " tag="336"><subfield code="b">txt</subfield><subfield code="2">rdacontent</subfield></datafield><datafield ind1=" " ind2=" " tag="337"><subfield code="b">n</subfield><subfield code="2">rdamedia</subfield></datafield><datafield ind1=" " ind2=" " tag="338"><subfield code="b">nc</subfield><subfield code="2">rdacarrier</subfield></datafield><datafield ind1="0" ind2=" " tag="505"><subfield code="6">880-03</subfield><subfield code="a">Kn. 1: 1864-1904</subfield></datafield><datafield ind1="0" ind2=" " tag="880"><subfield code="6">505-03/(N</subfield><subfield code="a">Кн. 1: 1864-1904</subfield></datafield><datafield ind1="0" ind2=" " tag="505"><subfield code="6">880-04</subfield><subfield code="a">Kn. 2: 1905-1918</subfield></datafield><datafield ind1="0" ind2=" " tag="880"><subfield code="6">505-04/(N</subfield><subfield code="a">Кн. 2: 1905-1918</subfield></datafield><datafield ind1=" " ind2="7" tag="650"><subfield code="a">Zemstvo</subfield><subfield code="0">(IDREF)030879949</subfield><subfield code="2">idref</subfield></datafield><datafield ind1=" " ind2="7" tag="650"><subfield code="a">1864-1918</subfield><subfield code="0">(IDREF)108812987</subfield><subfield code="2">idref</subfield></datafield><datafield ind1="1" ind2=" " tag="700"><subfield code="6">880-05</subfield><subfield code="a">Koroleva, Nadežda Georgievna</subfield><subfield code="d">19..-....</subfield><subfield code="0">(IDREF)112750702</subfield></datafield><datafield ind1="1" ind2=" " tag="880"><subfield code="6">700-05/(N</subfield><subfield code="a">Королева, Надежда Георгиевна</subfield></datafield><datafield ind1="2" ind2=" " tag="710"><subfield code="6">880-06</subfield><subfield code="a">Institut rossijskoj istorii</subfield><subfield code="g">Russie, Fédération</subfield><subfield code="0">(IDREF)031516734</subfield></datafield><datafield ind1="2" ind2=" " tag="880"><subfield code="6">710-06/(N</subfield><subfield code="a">Российская академия наук</subfield><subfield code="b">Институт российской истории</subfield></datafield><datafield ind1=" " ind2=" " tag="900"><subfield code="a">REROnoselfmerge</subfield></datafield></record>
</metadata></record>