<record><header><identifier>oai:alma.41SLSP_UGE:991000789809705502</identifier><datestamp>2023-06-26T00:15:08Z</datestamp><setSpec>UNIGE_ALL</setSpec></header><metadata>
<record xmlns="http://www.loc.gov/MARC21/slim" xmlns:xsi="http://www.w3.org/2001/XMLSchema-instance" xsi:schemaLocation="http://www.loc.gov/MARC21/slim http://www.loc.gov/standards/marcxml/schema/MARC21slim.xsd"><leader>02332ngm a2200409 c 4500</leader><controlfield tag="001">991000789809705502</controlfield><controlfield tag="005">20230625183808.0</controlfield><controlfield tag="007">vd |v||||</controlfield><controlfield tag="008">090610s2009    fr ||| |          v|spa d</controlfield><datafield ind1="4" ind2="2" tag="028"><subfield code="a">2207447</subfield></datafield><datafield ind1=" " ind2=" " tag="035"><subfield code="a">(swissbib)108119661-41slsp_network</subfield></datafield><datafield ind1=" " ind2=" " tag="035"><subfield code="a">108119661</subfield><subfield code="9">ExL</subfield></datafield><datafield ind1=" " ind2=" " tag="035"><subfield code="a">(RERO)R005109294-41slsp</subfield></datafield><datafield ind1=" " ind2=" " tag="035"><subfield code="a">(EXLNZ-41SLSP_NETWORK)991087894479705501</subfield></datafield><datafield ind1=" " ind2=" " tag="040"><subfield code="a">RERO geumem</subfield><subfield code="d">CH-ZuSLS</subfield></datafield><datafield ind1="1" ind2=" " tag="041"><subfield code="a">spa</subfield><subfield code="a">fre</subfield><subfield code="h">spa</subfield></datafield><datafield ind1=" " ind2="7" tag="072"><subfield code="a">ba</subfield><subfield code="2">rero</subfield></datafield><datafield ind1=" " ind2="7" tag="072"><subfield code="a">ss</subfield><subfield code="2">rero</subfield></datafield><datafield ind1="0" ind2="0" tag="245"><subfield code="a">&lt;&lt;El&gt;&gt; baño del Papa</subfield><subfield code="b">= Les toilettes du Pape</subfield><subfield code="c">un film de Enrique Fernández &amp; César Charlone ; musique Luciano Supervielle et Gabriel Casacuberta</subfield></datafield><datafield ind1="1" ind2=" " tag="246"><subfield code="a">Toilettes du Pape</subfield></datafield><datafield ind1=" " ind2="1" tag="264"><subfield code="a">[Paris]</subfield><subfield code="b">MK2</subfield><subfield code="c">[2009]</subfield></datafield><datafield ind1=" " ind2="4" tag="264"><subfield code="c">© 2009</subfield></datafield><datafield ind1=" " ind2=" " tag="300"><subfield code="a">1 DVD vidéo (ca. 90 min)</subfield></datafield><datafield ind1=" " ind2=" " tag="336"><subfield code="b">tdi</subfield><subfield code="2">rdacontent</subfield></datafield><datafield ind1=" " ind2=" " tag="337"><subfield code="b">v</subfield><subfield code="2">rdamedia</subfield></datafield><datafield ind1=" " ind2=" " tag="338"><subfield code="b">vd</subfield><subfield code="2">rdacarrier</subfield></datafield><datafield ind1=" " ind2=" " tag="500"><subfield code="a">Une prod.: Chaya Films, cop. 2007</subfield></datafield><datafield ind1=" " ind2=" " tag="500"><subfield code="a">Version originale espagnole sous-titrée en français</subfield></datafield><datafield ind1="0" ind2=" " tag="505"><subfield code="a">Compléments: making-of (15 min.) ; bande-annonce (2 min.)</subfield></datafield><datafield ind1="0" ind2=" " tag="511"><subfield code="a">César Troncoso ; Virginia Méndez ; Virginia Ruiz ; Mario Silva ; Henry de León ; José Arce ... et al.</subfield></datafield><datafield ind1="8" ind2=" " tag="520"><subfield code="a">&quot;Nous sommes en 1988, et Melo, petite ville uruguayenne à la frontière brésilienne qui survit essentiellement de la contrebande, attend fébrilement la visite du pape Jean-Paul II. Les médias annoncent des centaines de visiteurs, des milliers de pèlerins en quête de nourriture, boissons, drapeaux, souvenirs, médailles commémoratives... Beto, le héros, pense avoir trouvé la meilleure source de revenus, des toilettes publiques où les pèlerins pourront venir se soulager. Mais avant de pouvoir construire ses toilettes, et malgré l'hostilité de sa famille, Beto va devoir multiplier les allers-retours de plus en plus risqués à la frontière, sur son vieux vélo, pour passer des produits de contrebande...&quot;</subfield><subfield code="5">RERO/geumem/05.2009</subfield></datafield><datafield ind1="8" ind2=" " tag="520"><subfield code="a">Comédie</subfield><subfield code="5">RERO/necfbv/02.2014/3544</subfield></datafield><datafield ind1=" " ind2="7" tag="655"><subfield code="a">Comédies dramatiques (cinéma)</subfield><subfield code="0">(IDREF)077067614</subfield><subfield code="2">idref</subfield></datafield><datafield ind1=" " ind2="7" tag="655"><subfield code="a">Films de fiction</subfield><subfield code="0">(IDREF)14779644X</subfield><subfield code="2">idref</subfield></datafield><datafield ind1=" " ind2="7" tag="655"><subfield code="a">DVD</subfield><subfield code="0">(IDREF)035108444</subfield><subfield code="2">idref</subfield></datafield><datafield ind1="1" ind2=" " tag="700"><subfield code="a">Fernandez, Enrique</subfield><subfield code="d">1953-....</subfield><subfield code="0">(IDREF)132663899</subfield><subfield code="4">drt</subfield></datafield><datafield ind1="1" ind2=" " tag="700"><subfield code="a">Charlone, César</subfield><subfield code="d">1958-....</subfield><subfield code="0">(IDREF)113470738</subfield><subfield code="4">drt</subfield></datafield><datafield ind1="1" ind2=" " tag="700"><subfield code="a">Supervielle, Luciano</subfield><subfield code="d">1975-....</subfield><subfield code="0">(IDREF)132668408</subfield><subfield code="4">cmp</subfield></datafield></record>
</metadata></record>