<record><header><identifier>oai:alma.41SLSP_UGE:991000779659705502</identifier><datestamp>2023-04-15T00:12:23Z</datestamp><setSpec>uge_bcen_RapidILL_BOOK</setSpec><setSpec>uge_aaca_RapidILL_BOOK</setSpec><setSpec>uge_abels_RapidILL_BOOK</setSpec><setSpec>uge_dbu_RapidILL_BOOK</setSpec><setSpec>uge_cmu_RapidILL_BOOK</setSpec><setSpec>uge_mail_RapidILL_BOOK</setSpec><setSpec>uge_abbat_RapidILL_BOOK</setSpec><setSpec>UNIGE_ALL</setSpec><setSpec>uge_aobs_RapidILL_BOOK</setSpec><setSpec>uge_acar_RapidILL_BOOK</setSpec></header><metadata>
<record xmlns="http://www.loc.gov/MARC21/slim" xmlns:xsi="http://www.w3.org/2001/XMLSchema-instance" xsi:schemaLocation="http://www.loc.gov/MARC21/slim http://www.loc.gov/standards/marcxml/schema/MARC21slim.xsd"><leader>01908nam a22004692c 4500</leader><controlfield tag="001">991000779659705502</controlfield><controlfield tag="005">20230414062045.0</controlfield><controlfield tag="008">201011s2011    xxk||||| |||| 00| ||eng d</controlfield><datafield ind1=" " ind2=" " tag="015"><subfield code="a">GBB1C6127</subfield><subfield code="2">bnb</subfield></datafield><datafield ind1=" " ind2=" " tag="020"><subfield code="a">0415580986</subfield><subfield code="q">hardback</subfield></datafield><datafield ind1=" " ind2=" " tag="020"><subfield code="a">9780415580984</subfield><subfield code="q">hardcover</subfield></datafield><datafield ind1=" " ind2=" " tag="020"><subfield code="a">9780415510028</subfield><subfield code="q">pbk.</subfield><subfield code="c">£24.95</subfield></datafield><datafield ind1=" " ind2=" " tag="020"><subfield code="a">9780203844823</subfield><subfield code="q">ebk.</subfield></datafield><datafield ind1=" " ind2=" " tag="035"><subfield code="a">(swissbib)223842745-41slsp_network</subfield></datafield><datafield ind1=" " ind2=" " tag="035"><subfield code="a">223842745</subfield><subfield code="9">ExL</subfield></datafield><datafield ind1=" " ind2=" " tag="035"><subfield code="a">(RERO)R005521894-41slsp</subfield></datafield><datafield ind1=" " ind2=" " tag="035"><subfield code="a">(NEBIS)007200634EBI01</subfield></datafield><datafield ind1=" " ind2=" " tag="035"><subfield code="a">(EXLNZ-41SLSP_NETWORK)991098086279705501</subfield></datafield><datafield ind1=" " ind2=" " tag="040"><subfield code="a">DLC</subfield><subfield code="d">CH-ZuSLS</subfield></datafield><datafield ind1=" " ind2="0" tag="050"><subfield code="a">JZ5675</subfield><subfield code="b">.N83832 2010</subfield></datafield><datafield ind1=" " ind2="7" tag="072"><subfield code="a">sp</subfield><subfield code="2">rero</subfield></datafield><datafield ind1="0" ind2="0" tag="082"><subfield code="a">327.1/747</subfield><subfield code="2">22</subfield></datafield><datafield ind1="0" ind2="0" tag="245"><subfield code="a">Nuclear proliferation and international order</subfield><subfield code="b">challenges to the Non-Proliferation Treaty</subfield><subfield code="c">edited by Olav Njølstad</subfield></datafield><datafield ind1=" " ind2="1" tag="264"><subfield code="a">London</subfield><subfield code="b">Routledge</subfield><subfield code="c">2011</subfield></datafield><datafield ind1=" " ind2=" " tag="300"><subfield code="a">282 S.</subfield><subfield code="b">Ill.</subfield></datafield><datafield ind1=" " ind2=" " tag="336"><subfield code="b">txt</subfield><subfield code="2">rdacontent</subfield></datafield><datafield ind1=" " ind2=" " tag="337"><subfield code="b">n</subfield><subfield code="2">rdamedia</subfield></datafield><datafield ind1=" " ind2=" " tag="338"><subfield code="b">nc</subfield><subfield code="2">rdacarrier</subfield></datafield><datafield ind1="1" ind2=" " tag="490"><subfield code="a">Routledge global security studies</subfield><subfield code="v">19</subfield></datafield><datafield ind1=" " ind2=" " tag="500"><subfield code="a">Papers originally presented at Nobel Symposium 142</subfield></datafield><datafield ind1=" " ind2=" " tag="504"><subfield code="a">Includes bibliographical references and index.</subfield></datafield><datafield ind1=" " ind2="0" tag="650"><subfield code="a">Nuclear disarmament</subfield></datafield><datafield ind1=" " ind2="0" tag="650"><subfield code="a">Nuclear nonproliferation</subfield></datafield><datafield ind1=" " ind2="0" tag="650"><subfield code="a">Security, International</subfield></datafield><datafield ind1=" " ind2="0" tag="650"><subfield code="a">Nuclear arms control</subfield><subfield code="x">International cooperation</subfield></datafield><datafield ind1=" " ind2="7" tag="650"><subfield code="a">ARMAMENT POLICY</subfield><subfield code="9">eng</subfield><subfield code="0">(ETHUDK)000058797</subfield><subfield code="2">ethudk</subfield></datafield><datafield ind1=" " ind2="7" tag="650"><subfield code="a">ATOMIC WEAPONS, RADIOACTIVE RAYS, NUCLEAR WEAPONS (WEAPON TECHNOLOGY)</subfield><subfield code="9">eng</subfield><subfield code="0">(ETHUDK)000029631</subfield><subfield code="2">ethudk</subfield></datafield><datafield ind1=" " ind2="7" tag="650"><subfield code="a">COLLECTIONS OF ESSAYS (TYPE OF DOCUMENT)</subfield><subfield code="9">eng</subfield><subfield code="0">(ETHUDK)000009249</subfield><subfield code="2">ethudk</subfield></datafield><datafield ind1="1" ind2=" " tag="700"><subfield code="a">Njølstad, Olav</subfield></datafield><datafield ind1="1" ind2=" " tag="700"><subfield code="a">Njølstad, Olav</subfield><subfield code="0">(IDREF)093053711</subfield></datafield><datafield ind1="4" ind2=" " tag="856"><subfield code="3">Titelblatt und Inhaltsverzeichnis</subfield><subfield code="u">https://toc.library.ethz.ch/objects/pdf/e06_978-0-415-51002-8_01.pdf</subfield><subfield code="q">pdf</subfield></datafield><datafield ind1=" " ind2="0" tag="830"><subfield code="a">Routledge global security studies</subfield><subfield code="v">19</subfield><subfield code="w">(NEBIS)005517708EBI01</subfield></datafield><datafield ind1=" " ind2=" " tag="949"><subfield code="a">https://toc.library.ethz.ch/objects/pdf/e06_978-0-415-51002-8_01.pdf</subfield></datafield><datafield ind1=" " ind2=" " tag="961"><subfield code="2">gsi</subfield><subfield code="a">341.6</subfield><subfield code="9">LOCAL</subfield></datafield></record>
</metadata></record>