<record><header><identifier>oai:alma.41SLSP_UGE:991000778829705502</identifier><datestamp>2023-11-25T02:29:24Z</datestamp><setSpec>uge_bcen_RapidILL_BOOK</setSpec><setSpec>uge_aaca_RapidILL_BOOK</setSpec><setSpec>uge_abels_RapidILL_BOOK</setSpec><setSpec>uge_dbu_RapidILL_BOOK</setSpec><setSpec>uge_cmu_RapidILL_BOOK</setSpec><setSpec>uge_mail_RapidILL_BOOK</setSpec><setSpec>uge_abbat_RapidILL_BOOK</setSpec><setSpec>UNIGE_ALL</setSpec><setSpec>uge_acar_RapidILL_BOOK</setSpec><setSpec>uge_aobs_RapidILL_BOOK</setSpec></header><metadata>
<record xmlns="http://www.loc.gov/MARC21/slim" xmlns:xsi="http://www.w3.org/2001/XMLSchema-instance" xsi:schemaLocation="http://www.loc.gov/MARC21/slim http://www.loc.gov/standards/marcxml/schema/MARC21slim.xsd"><leader>02264naa a2200445 c 4500</leader><controlfield tag="001">991000778829705502</controlfield><controlfield tag="005">20230630222219.0</controlfield><controlfield tag="008">040107s2003    be ||||| |||| 10| ||fre d</controlfield><datafield ind1=" " ind2=" " tag="035"><subfield code="a">(swissbib)100095844-41slsp_network</subfield></datafield><datafield ind1=" " ind2=" " tag="035"><subfield code="a">100095844</subfield><subfield code="9">ExL</subfield></datafield><datafield ind1=" " ind2=" " tag="035"><subfield code="a">(RERO)R003563932-41slsp</subfield></datafield><datafield ind1=" " ind2=" " tag="035"><subfield code="a">(ALEX)bv000891272</subfield></datafield><datafield ind1=" " ind2=" " tag="035"><subfield code="a">(EXLNZ-41SLSP_NETWORK)991136189599705501</subfield></datafield><datafield ind1=" " ind2=" " tag="040"><subfield code="a">RERO gecaeg</subfield><subfield code="d">CH-ZuSLS</subfield></datafield><datafield ind1=" " ind2="7" tag="072"><subfield code="a">ht</subfield><subfield code="2">rero</subfield></datafield><datafield ind1=" " ind2=" " tag="084"><subfield code="a">CA/CH-GE 34.0 i</subfield><subfield code="2">cjurrom</subfield></datafield><datafield ind1="1" ind2=" " tag="100"><subfield code="a">Porret, Michel</subfield><subfield code="d">1955-....</subfield><subfield code="0">(IDREF)033150915</subfield><subfield code="4">cre</subfield></datafield><datafield ind1="1" ind2="0" tag="245"><subfield code="a">Administration, police, censure et esprit public à Genève pendant la période française</subfield><subfield code="c">Michel Porret</subfield></datafield><datafield ind1=" " ind2=" " tag="336"><subfield code="b">txt</subfield><subfield code="2">rdacontent</subfield></datafield><datafield ind1=" " ind2=" " tag="337"><subfield code="b">n</subfield><subfield code="2">rdamedia</subfield></datafield><datafield ind1=" " ind2=" " tag="338"><subfield code="b">nc</subfield><subfield code="2">rdacarrier</subfield></datafield><datafield ind1=" " ind2=" " tag="580"><subfield code="a">In: Bonaparte, la Suisse et l'Europe. - Bruxelles [etc.] : Bruylant [etc.], 2003. - P. 299-320</subfield></datafield><datafield ind1=" " ind2="7" tag="650"><subfield code="a">kantonales Recht</subfield><subfield code="9">ger</subfield><subfield code="0">(RERO)jurivoc000012405ger</subfield><subfield code="2">jurivoc</subfield></datafield><datafield ind1=" " ind2="7" tag="650"><subfield code="a">Mediation(Geschichte)</subfield><subfield code="9">ger</subfield><subfield code="0">(RERO)jurivoc000014780ger</subfield><subfield code="2">jurivoc</subfield></datafield><datafield ind1=" " ind2="7" tag="650"><subfield code="a">Polizei und öffentliche Ordnung</subfield><subfield code="9">ger</subfield><subfield code="0">(RERO)jurivoc000017392ger</subfield><subfield code="2">jurivoc</subfield></datafield><datafield ind1=" " ind2="7" tag="650"><subfield code="a">Rechtsgeschichte</subfield><subfield code="9">ger</subfield><subfield code="0">(RERO)jurivoc000018353ger</subfield><subfield code="2">jurivoc</subfield></datafield><datafield ind1=" " ind2="7" tag="650"><subfield code="a">Revolution und Helvetik</subfield><subfield code="9">ger</subfield><subfield code="0">(RERO)jurivoc000018909ger</subfield><subfield code="2">jurivoc</subfield></datafield><datafield ind1=" " ind2="7" tag="650"><subfield code="a">Schweizergeschichte</subfield><subfield code="9">ger</subfield><subfield code="0">(RERO)jurivoc000019922ger</subfield><subfield code="2">jurivoc</subfield></datafield><datafield ind1=" " ind2="7" tag="650"><subfield code="a">Staatsorganisation und Verwaltung</subfield><subfield code="9">ger</subfield><subfield code="0">(RERO)jurivoc000021182ger</subfield><subfield code="2">jurivoc</subfield></datafield><datafield ind1=" " ind2="7" tag="650"><subfield code="a">Verfassungsgeschichte</subfield><subfield code="9">ger</subfield><subfield code="0">(RERO)jurivoc000024414ger</subfield><subfield code="2">jurivoc</subfield></datafield><datafield ind1=" " ind2="7" tag="650"><subfield code="a">Institutions politiques</subfield><subfield code="0">(IDREF)027994775</subfield><subfield code="2">idref</subfield></datafield><datafield ind1=" " ind2="7" tag="650"><subfield code="a">16e siècle-19e siècle (début)</subfield><subfield code="0">(RERO)A023404239</subfield><subfield code="2">rero</subfield></datafield><datafield ind1=" " ind2="7" tag="650"><subfield code="a">Administration publique</subfield><subfield code="0">(IDREF)02721835X</subfield><subfield code="2">idref</subfield></datafield><datafield ind1=" " ind2="7" tag="650"><subfield code="a">Censure</subfield><subfield code="0">(IDREF)027285529</subfield><subfield code="2">idref</subfield></datafield><datafield ind1=" " ind2="7" tag="650"><subfield code="a">Opinion publique</subfield><subfield code="0">(IDREF)027519511</subfield><subfield code="2">idref</subfield></datafield><datafield ind1=" " ind2="7" tag="650"><subfield code="a">Droit constitutionnel</subfield><subfield code="0">(IDREF)02726095X</subfield><subfield code="2">idref</subfield></datafield><datafield ind1=" " ind2="7" tag="650"><subfield code="a">1798-1813</subfield><subfield code="2">rero</subfield></datafield><datafield ind1=" " ind2="7" tag="651"><subfield code="a">Genf(Kanton)</subfield><subfield code="9">ger</subfield><subfield code="0">(RERO)jurivoc000009538ger</subfield><subfield code="2">jurivoc</subfield></datafield><datafield ind1=" " ind2="7" tag="651"><subfield code="a">Schweiz</subfield><subfield code="9">ger</subfield><subfield code="0">(RERO)jurivoc000019912ger</subfield><subfield code="2">jurivoc</subfield></datafield><datafield ind1=" " ind2="7" tag="651"><subfield code="a">Genève (Suisse ; canton)</subfield><subfield code="0">(IDREF)030575257</subfield><subfield code="2">idref</subfield></datafield><datafield ind1=" " ind2="7" tag="651"><subfield code="a">Léman (département)</subfield><subfield code="0">(IDREF)053443586</subfield><subfield code="2">idref</subfield></datafield><datafield ind1="0" ind2=" " tag="773"><subfield code="t">Bonaparte, la Suisse et l'Europe : actes du Colloque européen d'histoire constitutionnelle pour le bicentenaire de l'Acte de médiation (1803-2003)</subfield><subfield code="g">299</subfield><subfield code="w">(RERO)R003563785-41slsp</subfield></datafield></record>
</metadata></record>