<record><header><identifier>oai:alma.41SLSP_UGE:991000779359705502</identifier><datestamp>2024-03-26T01:11:44Z</datestamp><setSpec>uge_bcen_RapidILL_BOOK</setSpec><setSpec>uge_aaca_RapidILL_BOOK</setSpec><setSpec>uge_abels_RapidILL_BOOK</setSpec><setSpec>uge_dbu_RapidILL_BOOK</setSpec><setSpec>uge_cmu_RapidILL_BOOK</setSpec><setSpec>uge_mail_RapidILL_BOOK</setSpec><setSpec>uge_abbat_RapidILL_BOOK</setSpec><setSpec>UNIGE_ALL</setSpec><setSpec>uge_aobs_RapidILL_BOOK</setSpec><setSpec>uge_acar_RapidILL_BOOK</setSpec></header><metadata>
<record xmlns="http://www.loc.gov/MARC21/slim" xmlns:xsi="http://www.w3.org/2001/XMLSchema-instance" xsi:schemaLocation="http://www.loc.gov/MARC21/slim http://www.loc.gov/standards/marcxml/schema/MARC21slim.xsd"><leader>01172nam a2200313 c 4500</leader><controlfield tag="001">991000779359705502</controlfield><controlfield tag="005">20230128201826.0</controlfield><controlfield tag="008">050615s2004    fr ||||| |||| 00| ||fre d</controlfield><datafield ind1=" " ind2=" " tag="020"><subfield code="a">2011705096</subfield></datafield><datafield ind1=" " ind2=" " tag="035"><subfield code="a">(swissbib)102048126-41slsp_network</subfield></datafield><datafield ind1=" " ind2=" " tag="035"><subfield code="a">102048126</subfield><subfield code="9">ExL</subfield></datafield><datafield ind1=" " ind2=" " tag="035"><subfield code="a">(RERO)R003858963-41slsp</subfield></datafield><datafield ind1=" " ind2=" " tag="035"><subfield code="a">(EXLNZ-41SLSP_NETWORK)991136594379705501</subfield></datafield><datafield ind1=" " ind2=" " tag="040"><subfield code="a">RERO geufpe</subfield><subfield code="d">CH-ZuSLS</subfield></datafield><datafield ind1=" " ind2="7" tag="072"><subfield code="a">pe</subfield><subfield code="2">rero</subfield></datafield><datafield ind1="1" ind2=" " tag="100"><subfield code="a">Boussion, Jacqueline</subfield><subfield code="0">(IDREF)057385882</subfield><subfield code="4">cre</subfield></datafield><datafield ind1="1" ind2="0" tag="245"><subfield code="a">Apprendre à lire, bâtir une culture au CP</subfield><subfield code="b">une année de lectures</subfield><subfield code="c">Jacqueline Boussion, Michèle Schöttke, Catherine Tauveron</subfield></datafield><datafield ind1=" " ind2="1" tag="264"><subfield code="a">Paris</subfield><subfield code="b">Hachette éducation</subfield><subfield code="c">2004</subfield></datafield><datafield ind1=" " ind2=" " tag="300"><subfield code="a">287 p.</subfield><subfield code="b">ill.</subfield><subfield code="c">23 cm</subfield></datafield><datafield ind1=" " ind2=" " tag="336"><subfield code="b">txt</subfield><subfield code="2">rdacontent</subfield></datafield><datafield ind1=" " ind2=" " tag="337"><subfield code="b">n</subfield><subfield code="2">rdamedia</subfield></datafield><datafield ind1=" " ind2=" " tag="338"><subfield code="b">nc</subfield><subfield code="2">rdacarrier</subfield></datafield><datafield ind1="1" ind2=" " tag="490"><subfield code="a">Pédagogie pratique à l'école</subfield></datafield><datafield ind1=" " ind2="7" tag="650"><subfield code="a">Enseignement primaire</subfield><subfield code="0">(IDREF)027288757</subfield><subfield code="2">idref</subfield></datafield><datafield ind1=" " ind2="7" tag="650"><subfield code="a">Lecture</subfield><subfield code="0">(IDREF)027662594</subfield><subfield code="2">idref</subfield></datafield><datafield ind1=" " ind2="7" tag="650"><subfield code="a">Étude et enseignement</subfield><subfield code="0">(IDREF)027789853</subfield><subfield code="2">idref</subfield></datafield><datafield ind1="1" ind2=" " tag="700"><subfield code="a">Schöttke, Michèle</subfield><subfield code="0">(IDREF)057385904</subfield></datafield><datafield ind1="1" ind2=" " tag="700"><subfield code="a">Tauveron, Catherine</subfield><subfield code="d">19..-....</subfield><subfield code="0">(IDREF)034052623</subfield></datafield><datafield ind1=" " ind2=" " tag="830"><subfield code="a">Pédagogie pratique à l'école</subfield><subfield code="w">(RERO)0443543-41slsp</subfield></datafield><datafield ind1=" " ind2=" " tag="900"><subfield code="a">REROnoselfmerge</subfield></datafield></record>
</metadata></record>