<record><header><identifier>oai:alma.41SLSP_UGE:991000789909705502</identifier><datestamp>2024-05-17T01:52:41Z</datestamp><setSpec>uge_bcen_RapidILL_BOOK</setSpec><setSpec>uge_aaca_RapidILL_BOOK</setSpec><setSpec>uge_abels_RapidILL_BOOK</setSpec><setSpec>uge_dbu_RapidILL_BOOK</setSpec><setSpec>uge_cmu_RapidILL_BOOK</setSpec><setSpec>uge_mail_RapidILL_BOOK</setSpec><setSpec>uge_abbat_RapidILL_BOOK</setSpec><setSpec>UNIGE_ALL</setSpec><setSpec>uge_acar_RapidILL_BOOK</setSpec><setSpec>uge_aobs_RapidILL_BOOK</setSpec></header><metadata>
<record xmlns="http://www.loc.gov/MARC21/slim" xmlns:xsi="http://www.w3.org/2001/XMLSchema-instance" xsi:schemaLocation="http://www.loc.gov/MARC21/slim http://www.loc.gov/standards/marcxml/schema/MARC21slim.xsd"><leader>01472nam a2200373 c 4500</leader><controlfield tag="001">991000789909705502</controlfield><controlfield tag="005">20230331205102.0</controlfield><controlfield tag="008">201011s1977    au ||||| |||| 00| ||ger d</controlfield><datafield ind1=" " ind2=" " tag="020"><subfield code="a">3851245369</subfield></datafield><datafield ind1=" " ind2=" " tag="035"><subfield code="a">(swissbib)21244526X-41slsp_network</subfield></datafield><datafield ind1=" " ind2=" " tag="035"><subfield code="a">21244526X</subfield><subfield code="9">ExL</subfield></datafield><datafield ind1=" " ind2=" " tag="035"><subfield code="a">(RERO)R003013449-41slsp</subfield></datafield><datafield ind1=" " ind2=" " tag="035"><subfield code="a">(NEBIS)003115568EBI01</subfield></datafield><datafield ind1=" " ind2=" " tag="035"><subfield code="a">(IDSBB)000086608DSV01</subfield></datafield><datafield ind1=" " ind2=" " tag="035"><subfield code="a">(EXLNZ-41SLSP_NETWORK)991102911929705501</subfield></datafield><datafield ind1=" " ind2=" " tag="040"><subfield code="a">RERO geulsa</subfield><subfield code="d">CH-ZuSLS</subfield></datafield><datafield ind1=" " ind2="7" tag="072"><subfield code="a">lg</subfield><subfield code="2">rero</subfield></datafield><datafield ind1=" " ind2="7" tag="072"><subfield code="a">pp</subfield><subfield code="2">SzZuIDS BS/BE</subfield></datafield><datafield ind1="1" ind2=" " tag="100"><subfield code="a">Schmidt, Karl Horst</subfield><subfield code="d">1929-2012</subfield><subfield code="0">(DE-588)119156482</subfield><subfield code="6">880-01</subfield></datafield><datafield ind1="1" ind2=" " tag="880"><subfield code="a">Schmidt, Karl Horst</subfield><subfield code="0">(RERO)A003800724</subfield><subfield code="4">cre</subfield><subfield code="6">100-01</subfield></datafield><datafield ind1="1" ind2="0" tag="245"><subfield code="a">&lt;&lt;Die&gt;&gt; festlandkeltischen Sprachen</subfield><subfield code="c">Karl Horst Schmidt</subfield></datafield><datafield ind1=" " ind2="1" tag="264"><subfield code="a">Innsbruck</subfield><subfield code="b">Institut für Sprachwissenschaft der Universität Innsbruck</subfield><subfield code="c">1977</subfield></datafield><datafield ind1=" " ind2=" " tag="300"><subfield code="a">32 p.</subfield><subfield code="c">21 cm</subfield></datafield><datafield ind1=" " ind2=" " tag="336"><subfield code="b">txt</subfield><subfield code="2">rdacontent</subfield></datafield><datafield ind1=" " ind2=" " tag="337"><subfield code="b">n</subfield><subfield code="2">rdamedia</subfield></datafield><datafield ind1=" " ind2=" " tag="338"><subfield code="b">nc</subfield><subfield code="2">rdacarrier</subfield></datafield><datafield ind1="1" ind2=" " tag="490"><subfield code="a">Innsbrucker Beiträge zur Sprachwissenschaft. Vorträge</subfield><subfield code="v">18</subfield></datafield><datafield ind1=" " ind2="7" tag="650"><subfield code="a">Langues celtiques</subfield><subfield code="0">(IDREF)027354474</subfield><subfield code="2">idref</subfield></datafield><datafield ind1=" " ind2="7" tag="651"><subfield code="a">Europe centrale</subfield><subfield code="0">(IDREF)027804151</subfield><subfield code="2">idref</subfield></datafield><datafield ind1=" " ind2=" " tag="690"><subfield code="a">Keltische Sprachen / Abhandlungen, Vorträge</subfield><subfield code="2">uzb-Z9</subfield></datafield><datafield ind1=" " ind2=" " tag="690"><subfield code="a">Sprachtypologie</subfield><subfield code="2">uzb-Z9</subfield></datafield><datafield ind1=" " ind2=" " tag="830"><subfield code="a">Innsbrucker Beiträge zur Sprachwissenschaft</subfield><subfield code="p">Vorträge und kleinere Schriften</subfield><subfield code="v">18</subfield><subfield code="w">(RERO)0191409-41slsp</subfield></datafield><datafield ind1=" " ind2=" " tag="830"><subfield code="a">Innsbrucker Beiträge zur Sprachwissenschaft</subfield><subfield code="p">Vorträge</subfield><subfield code="v">18</subfield><subfield code="w">(NEBIS)000989264EBI01</subfield></datafield><datafield ind1=" " ind2=" " tag="900"><subfield code="a">REROnoselfmerge</subfield></datafield><datafield ind1=" " ind2=" " tag="900"><subfield code="a">IDSZRMedeaZBZ</subfield></datafield></record>
</metadata></record>