<record><header><identifier>oai:alma.41SLSP_UGE:991000779389705502</identifier><datestamp>2023-03-01T01:09:21Z</datestamp><setSpec>uge_bcen_RapidILL_BOOK</setSpec><setSpec>uge_aaca_RapidILL_BOOK</setSpec><setSpec>uge_abels_RapidILL_BOOK</setSpec><setSpec>uge_dbu_RapidILL_BOOK</setSpec><setSpec>uge_cmu_RapidILL_BOOK</setSpec><setSpec>uge_mail_RapidILL_BOOK</setSpec><setSpec>UNIGE_ALL</setSpec><setSpec>uge_abbat_RapidILL_BOOK</setSpec><setSpec>uge_aobs_RapidILL_BOOK</setSpec><setSpec>uge_acar_RapidILL_BOOK</setSpec></header><metadata>
<record xmlns="http://www.loc.gov/MARC21/slim" xmlns:xsi="http://www.w3.org/2001/XMLSchema-instance" xsi:schemaLocation="http://www.loc.gov/MARC21/slim http://www.loc.gov/standards/marcxml/schema/MARC21slim.xsd"><leader>01886nam a2200301 c 4500</leader><controlfield tag="001">991000779389705502</controlfield><controlfield tag="005">20201227134056.0</controlfield><controlfield tag="008">030424s1970    le ||||| |||| 00| ||ara d</controlfield><datafield ind1=" " ind2=" " tag="035"><subfield code="a">(swissbib)098901710-41slsp_network</subfield></datafield><datafield ind1=" " ind2=" " tag="035"><subfield code="a">098901710</subfield><subfield code="9">ExL</subfield></datafield><datafield ind1=" " ind2=" " tag="035"><subfield code="a">(RERO)R003347437-41slsp</subfield></datafield><datafield ind1=" " ind2=" " tag="035"><subfield code="a">(EXLNZ-41SLSP_NETWORK)991089425399705501</subfield></datafield><datafield ind1=" " ind2=" " tag="040"><subfield code="a">RERO geular</subfield><subfield code="d">CH-ZuSLS</subfield></datafield><datafield ind1=" " ind2="7" tag="072"><subfield code="a">sm</subfield><subfield code="2">rero</subfield></datafield><datafield ind1="0" ind2=" " tag="100"><subfield code="6">880-01</subfield><subfield code="a">Ḥassān ibn Thābit</subfield><subfield code="d">?-674</subfield><subfield code="0">(RERO)A013679601</subfield><subfield code="4">cre</subfield></datafield><datafield ind1="0" ind2=" " tag="880"><subfield code="6">100-01/(3/r</subfield><subfield code="a">حسان بن ثابت</subfield><subfield code="d">?-674</subfield></datafield><datafield ind1="1" ind2="0" tag="245"><subfield code="6">880-02</subfield><subfield code="a">Dīwān Ḥassān ibn Thābit al-Anṣārī</subfield><subfield code="c">Ḥassan ibn Thābit al-Anṣārī</subfield></datafield><datafield ind1="1" ind2="0" tag="880"><subfield code="6">245-02/(3/r</subfield><subfield code="a">ديوان حسان بن ثابت الأنصاري</subfield><subfield code="c">حسن بن ثابت الأنصاري</subfield></datafield><datafield ind1="1" ind2=" " tag="246"><subfield code="a">Dīwān Ḥassān Ibn Ṯābit al-Anṣārī / Ḥassan Ibn Ṯābit al-Anṣārī</subfield></datafield><datafield ind1=" " ind2="1" tag="264"><subfield code="6">880-03</subfield><subfield code="a">Bayrūt</subfield><subfield code="b">Dār Ṣādir</subfield><subfield code="c">1970</subfield></datafield><datafield ind1=" " ind2="1" tag="880"><subfield code="6">264-03/(3/r</subfield><subfield code="a">بيروت</subfield><subfield code="b">دار صادر</subfield><subfield code="c">1970</subfield></datafield><datafield ind1=" " ind2=" " tag="300"><subfield code="a">268 p.</subfield><subfield code="c">25 cm</subfield></datafield><datafield ind1=" " ind2=" " tag="336"><subfield code="b">txt</subfield><subfield code="2">rdacontent</subfield></datafield><datafield ind1=" " ind2=" " tag="337"><subfield code="b">n</subfield><subfield code="2">rdamedia</subfield></datafield><datafield ind1=" " ind2=" " tag="338"><subfield code="b">nc</subfield><subfield code="2">rdacarrier</subfield></datafield><datafield ind1="0" ind2=" " tag="700"><subfield code="a">Ḥassān ibn Thābit</subfield><subfield code="d">?-674</subfield></datafield><datafield ind1="0" ind2="2" tag="700"><subfield code="6">880-04</subfield><subfield code="a">Ḥassān ibn Thābit</subfield><subfield code="d">?-674</subfield><subfield code="t">Dīwān</subfield></datafield><datafield ind1="0" ind2="2" tag="880"><subfield code="6">700-04/(3/r</subfield><subfield code="a">حسان بن ثابت</subfield><subfield code="d">?-674</subfield><subfield code="t">ديوان</subfield></datafield><datafield ind1=" " ind2=" " tag="900"><subfield code="a">REROnoselfmerge</subfield></datafield></record>
</metadata></record>