<record><header><identifier>oai:alma.41SLSP_UGE:991000779179705502</identifier><datestamp>2023-04-12T00:12:11Z</datestamp><setSpec>uge_bcen_RapidILL_BOOK</setSpec><setSpec>uge_aaca_RapidILL_BOOK</setSpec><setSpec>uge_abels_RapidILL_BOOK</setSpec><setSpec>uge_dbu_RapidILL_BOOK</setSpec><setSpec>uge_cmu_RapidILL_BOOK</setSpec><setSpec>uge_mail_RapidILL_BOOK</setSpec><setSpec>uge_abbat_RapidILL_BOOK</setSpec><setSpec>UNIGE_ALL</setSpec><setSpec>uge_acar_RapidILL_BOOK</setSpec><setSpec>uge_aobs_RapidILL_BOOK</setSpec></header><metadata>
<record xmlns="http://www.loc.gov/MARC21/slim" xmlns:xsi="http://www.w3.org/2001/XMLSchema-instance" xsi:schemaLocation="http://www.loc.gov/MARC21/slim http://www.loc.gov/standards/marcxml/schema/MARC21slim.xsd"><leader>03075nam a2200517 c 4500</leader><controlfield tag="001">991000779179705502</controlfield><controlfield tag="005">20230411204056.0</controlfield><controlfield tag="008">201011s2017    fr ||||| |||| 00| ||fre d</controlfield><datafield ind1=" " ind2=" " tag="020"><subfield code="a">9782845976382</subfield></datafield><datafield ind1=" " ind2=" " tag="020"><subfield code="a">2845976380</subfield></datafield><datafield ind1="7" ind2=" " tag="024"><subfield code="a">http://catalogue.bnf.fr/ark:/12148/cb453714443</subfield><subfield code="2">uri</subfield></datafield><datafield ind1=" " ind2=" " tag="035"><subfield code="a">(swissbib)228226791-41slsp_network</subfield></datafield><datafield ind1=" " ind2=" " tag="035"><subfield code="a">228226791</subfield><subfield code="9">ExL</subfield></datafield><datafield ind1=" " ind2=" " tag="035"><subfield code="a">(RERO)R008729933-41slsp</subfield></datafield><datafield ind1=" " ind2=" " tag="035"><subfield code="a">(IDSBB)006768007DSV01</subfield></datafield><datafield ind1=" " ind2=" " tag="035"><subfield code="a">(NEBIS)011191492EBI01</subfield></datafield><datafield ind1=" " ind2=" " tag="035"><subfield code="a">(OCoLC)1015878318</subfield></datafield><datafield ind1=" " ind2=" " tag="035"><subfield code="a">(EXLNZ-41SLSP_NETWORK)991130856989705501</subfield></datafield><datafield ind1=" " ind2=" " tag="040"><subfield code="a">RERO geulhg</subfield><subfield code="d">CH-ZuSLS</subfield></datafield><datafield ind1=" " ind2="4" tag="050"><subfield code="a">Z4-8</subfield></datafield><datafield ind1=" " ind2="7" tag="072"><subfield code="a">ht</subfield><subfield code="2">rero</subfield></datafield><datafield ind1=" " ind2="7" tag="072"><subfield code="a">ba</subfield><subfield code="2">rero</subfield></datafield><datafield ind1="0" ind2="4" tag="082"><subfield code="a">002.09</subfield></datafield><datafield ind1=" " ind2=" " tag="084"><subfield code="a">KUNST</subfield><subfield code="2">fid</subfield></datafield><datafield ind1=" " ind2=" " tag="084"><subfield code="a">AP 94200</subfield><subfield code="2">rvk</subfield></datafield><datafield ind1="0" ind2="0" tag="245"><subfield code="a">Roman-photo</subfield><subfield code="c">sous la direction de Marie-Charlotte Calafat et Frédérique Deschamps</subfield></datafield><datafield ind1=" " ind2="1" tag="264"><subfield code="a">Paris</subfield><subfield code="b">Textuel</subfield><subfield code="a">Marseille</subfield><subfield code="b">Mucem</subfield><subfield code="c">2017</subfield></datafield><datafield ind1=" " ind2=" " tag="300"><subfield code="a">253 pages</subfield><subfield code="b">illustrations</subfield></datafield><datafield ind1=" " ind2=" " tag="336"><subfield code="b">txt</subfield><subfield code="2">rdacontent</subfield></datafield><datafield ind1=" " ind2=" " tag="336"><subfield code="b">sti</subfield><subfield code="2">rdacontent</subfield></datafield><datafield ind1=" " ind2=" " tag="337"><subfield code="b">n</subfield><subfield code="2">rdamedia</subfield></datafield><datafield ind1=" " ind2=" " tag="338"><subfield code="b">nc</subfield><subfield code="2">rdacarrier</subfield></datafield><datafield ind1=" " ind2=" " tag="500"><subfield code="a">&quot;...conçu à l'occasion de l'exposition &quot;Roman-photo&quot;, présentée au Mucem, à Marseille, du 12 décembre 2017 au 23 avril 2018.&quot;. - Page [254]</subfield></datafield><datafield ind1=" " ind2=" " tag="500"><subfield code="a">L'ouvrage comporte des illustrations de la collection Mondadori, publiées dans des romans-photos de la revue &quot;Bolero film&quot; entre 1950 et 1973</subfield></datafield><datafield ind1=" " ind2=" " tag="504"><subfield code="a">Bibliographie: pages 249</subfield></datafield><datafield ind1=" " ind2=" " tag="520"><subfield code="a">Catalogue de l'exposition 'Roman-Photo' au Mucem, Marseille, du 13 décembre 2017 au 23 avril 2018. Perçu comme un sous-genre vulgaire, le roman-photo n'a que rarement retenu l'attention des historiens et des musées, ce qui apparaît comme une injustice au vu du succès planétaire rencontré. C'est cette lacune que ce livre et l'exposition au Mucem viennent combler. Faisant appel à la photographie, au cinéma, à la vidéo, aux arts plastiques et aux nouvelles technologies, le corpus d'images présenté regroupe les plus belles réalisations du roman-photo. Certaines images sont de petits chefs-d'œuvre, mêlant expressionisme et réalisme et créant un langage iconographique unique en son genre grâce auquel le roman-photo raconte une époque, ses rêves, ses peurs et ses évolutions</subfield></datafield><datafield ind1=" " ind2="7" tag="650"><subfield code="a">Roman-photo</subfield><subfield code="0">(IDREF)02765592X</subfield><subfield code="2">idref</subfield></datafield><datafield ind1=" " ind2="7" tag="650"><subfield code="a">Fotoroman</subfield><subfield code="0">(DE-588)4174546-2</subfield><subfield code="2">gnd</subfield></datafield><datafield ind1=" " ind2="7" tag="655"><subfield code="a">Catalogues d'exposition</subfield><subfield code="0">(IDREF)027320456</subfield><subfield code="2">idref</subfield></datafield><datafield ind1=" " ind2="7" tag="655"><subfield code="a">Ausstellungskatalog</subfield><subfield code="2">gnd-content</subfield></datafield><datafield ind1=" " ind2="7" tag="655"><subfield code="a">Ausstellungskatalog</subfield><subfield code="z">Marseille</subfield><subfield code="y">13.12.2017-23.04.2018</subfield><subfield code="x">Musée des civilisations de l'Europe et de la Méditerranée</subfield><subfield code="2">gnd-content</subfield></datafield><datafield ind1="1" ind2=" " tag="700"><subfield code="a">Calafat, Marie-Charlotte</subfield><subfield code="0">(DE-588)1184505144</subfield><subfield code="e">Herausgeber</subfield><subfield code="4">edt</subfield><subfield code="6">880-02</subfield></datafield><datafield ind1="1" ind2=" " tag="880"><subfield code="6">700-02</subfield><subfield code="a">Calafat, Marie-Charlotte</subfield><subfield code="d">1985-....</subfield><subfield code="0">(IDREF)221494189</subfield></datafield><datafield ind1="1" ind2=" " tag="700"><subfield code="a">Deschamps, Frédérique</subfield><subfield code="d">1960-....</subfield><subfield code="0">(IDREF)221496165</subfield></datafield><datafield ind1="2" ind2=" " tag="710"><subfield code="a">Musée des civilisations de l'Europe et de la Méditerranée</subfield><subfield code="0">(DE-588)5552464-3</subfield><subfield code="e">Herausgebendes Organ</subfield><subfield code="e">Gastgebende Institution</subfield><subfield code="4">isb</subfield><subfield code="4">his</subfield></datafield><datafield ind1="2" ind2=" " tag="710"><subfield code="a">Musée des civilisations de l'Europe et de la Méditerranée</subfield><subfield code="g">Marseille</subfield><subfield code="0">(IDREF)088717372</subfield></datafield><datafield ind1=" " ind2=" " tag="900"><subfield code="a">REROnoselfmerge</subfield></datafield></record>
</metadata></record>