<record><header><identifier>oai:alma.41SLSP_UGE:991000789579705502</identifier><datestamp>2024-03-16T01:48:00Z</datestamp><setSpec>uge_bcen_RapidILL_BOOK</setSpec><setSpec>uge_aaca_RapidILL_BOOK</setSpec><setSpec>uge_abels_RapidILL_BOOK</setSpec><setSpec>uge_dbu_RapidILL_BOOK</setSpec><setSpec>uge_cmu_RapidILL_BOOK</setSpec><setSpec>uge_mail_RapidILL_BOOK</setSpec><setSpec>uge_abbat_RapidILL_BOOK</setSpec><setSpec>UNIGE_ALL</setSpec><setSpec>uge_acar_RapidILL_BOOK</setSpec><setSpec>uge_aobs_RapidILL_BOOK</setSpec></header><metadata>
<record xmlns="http://www.loc.gov/MARC21/slim" xmlns:xsi="http://www.w3.org/2001/XMLSchema-instance" xsi:schemaLocation="http://www.loc.gov/MARC21/slim http://www.loc.gov/standards/marcxml/schema/MARC21slim.xsd"><leader>01946nam a2200481 c 4500</leader><controlfield tag="001">991000789579705502</controlfield><controlfield tag="005">20230407175319.0</controlfield><controlfield tag="008">171017s2017    gw ||||| |||| 10| ||ger d</controlfield><datafield ind1=" " ind2=" " tag="020"><subfield code="a">3447107812</subfield><subfield code="q">hd.bd.</subfield></datafield><datafield ind1=" " ind2=" " tag="020"><subfield code="a">9783447107815</subfield><subfield code="q">hd.bd.</subfield></datafield><datafield ind1=" " ind2=" " tag="035"><subfield code="a">(swissbib)124253504-41slsp_network</subfield></datafield><datafield ind1=" " ind2=" " tag="035"><subfield code="a">124253504</subfield><subfield code="9">ExL</subfield></datafield><datafield ind1=" " ind2=" " tag="035"><subfield code="a">(RERO)R008717873-41slsp</subfield></datafield><datafield ind1=" " ind2=" " tag="035"><subfield code="a">(EXLNZ-41SLSP_NETWORK)991020103629705501</subfield></datafield><datafield ind1=" " ind2=" " tag="040"><subfield code="a">YUS</subfield><subfield code="b">eng</subfield><subfield code="e">rda</subfield><subfield code="d">CH-ZuSLS</subfield></datafield><datafield ind1="0" ind2=" " tag="041"><subfield code="a">ger</subfield><subfield code="a">eng</subfield></datafield><datafield ind1=" " ind2="4" tag="050"><subfield code="a">DS111.7</subfield><subfield code="b">.D48 2014</subfield></datafield><datafield ind1=" " ind2="7" tag="072"><subfield code="a">th</subfield><subfield code="2">rero</subfield></datafield><datafield ind1="1" ind2=" " tag="080"><subfield code="a">(05):22ADPV</subfield></datafield><datafield ind1="0" ind2="0" tag="245"><subfield code="a">Zauber und Magie im antiken Palästina und in seiner Umwelt</subfield><subfield code="b">Kolloquium des Deutschen Vereins zur Erforschung Palästinas vom 14. bis 16. November 2014 in Mainz</subfield><subfield code="c">herausgegeben von Jens Kamlah ... [et al.]</subfield></datafield><datafield ind1=" " ind2="1" tag="264"><subfield code="a">Wiesbaden</subfield><subfield code="b">Harrassowitz Verlag</subfield><subfield code="c">2017</subfield></datafield><datafield ind1=" " ind2=" " tag="300"><subfield code="a">x, 565 pages, 17 unnumbered pages of plates</subfield><subfield code="b">illustrations</subfield><subfield code="c">25 cm</subfield><subfield code="e">1 CD-ROM</subfield></datafield><datafield ind1=" " ind2=" " tag="336"><subfield code="b">txt</subfield><subfield code="2">rdacontent</subfield></datafield><datafield ind1=" " ind2=" " tag="337"><subfield code="b">n</subfield><subfield code="2">rdamedia</subfield></datafield><datafield ind1=" " ind2=" " tag="338"><subfield code="b">cd</subfield><subfield code="2">rdacarrier</subfield></datafield><datafield ind1=" " ind2=" " tag="338"><subfield code="b">nc</subfield><subfield code="2">rdacarrier</subfield></datafield><datafield ind1="1" ind2=" " tag="490"><subfield code="a">Abhandlungen des Deutschen Palästina-Vereins</subfield><subfield code="v">Bd. 46</subfield></datafield><datafield ind1=" " ind2=" " tag="500"><subfield code="a">International conference proceedings</subfield></datafield><datafield ind1=" " ind2=" " tag="500"><subfield code="a">Mixed media</subfield></datafield><datafield ind1=" " ind2=" " tag="504"><subfield code="a">Includes bibliographical references and index</subfield></datafield><datafield ind1=" " ind2="0" tag="650"><subfield code="a">Incantations</subfield><subfield code="z">Palestine</subfield><subfield code="v">Congresses</subfield></datafield><datafield ind1=" " ind2="0" tag="650"><subfield code="a">Magic</subfield><subfield code="x">Religious aspects</subfield><subfield code="v">Congresses</subfield></datafield><datafield ind1=" " ind2="0" tag="650"><subfield code="a">Magic</subfield><subfield code="z">Palestine</subfield><subfield code="v">Congresses</subfield></datafield><datafield ind1=" " ind2="0" tag="650"><subfield code="a">Magic, Ancient</subfield><subfield code="v">Congresses</subfield></datafield><datafield ind1=" " ind2="7" tag="650"><subfield code="a">Magie antique</subfield><subfield code="0">(IDREF)031707009</subfield><subfield code="2">idref</subfield></datafield><datafield ind1=" " ind2="7" tag="650"><subfield code="a">Antiquités</subfield><subfield code="0">(IDREF)027386236</subfield><subfield code="2">idref</subfield></datafield><datafield ind1=" " ind2="0" tag="651"><subfield code="a">Palestine</subfield><subfield code="x">Antiquities</subfield><subfield code="v">Congresses</subfield></datafield><datafield ind1=" " ind2="7" tag="651"><subfield code="a">Palestine</subfield><subfield code="0">(IDREF)027244482</subfield><subfield code="2">idref</subfield></datafield><datafield ind1=" " ind2="7" tag="655"><subfield code="a">Actes de congrès</subfield><subfield code="0">(IDREF)02886431X</subfield><subfield code="2">idref</subfield></datafield><datafield ind1="1" ind2=" " tag="700"><subfield code="a">Kamlah, Jens</subfield><subfield code="d">1962-....</subfield><subfield code="0">(IDREF)069653313</subfield></datafield><datafield ind1="2" ind2=" " tag="710"><subfield code="a">Deutscher Verein zur Erforschung Palästinas</subfield><subfield code="0">(IDREF)075195976</subfield></datafield><datafield ind1=" " ind2="0" tag="830"><subfield code="a">Abhandlungen des Deutschen Palästinavereins</subfield><subfield code="v">46</subfield><subfield code="w">(RERO)0412333-41slsp</subfield></datafield><datafield ind1=" " ind2=" " tag="900"><subfield code="a">REROnoselfmerge</subfield></datafield><datafield ind1=" " ind2=" " tag="910"><subfield code="a">OCoLC</subfield><subfield code="b">20171017</subfield><subfield code="c">Droits réservés</subfield></datafield></record>
</metadata></record>