<record><header><identifier>oai:alma.41SLSP_UGE:991000779709705502</identifier><datestamp>2024-07-15T00:55:52Z</datestamp><setSpec>uge_bcen_RapidILL_BOOK</setSpec><setSpec>uge_aaca_RapidILL_BOOK</setSpec><setSpec>uge_abels_RapidILL_BOOK</setSpec><setSpec>uge_dbu_RapidILL_BOOK</setSpec><setSpec>uge_cmu_RapidILL_BOOK</setSpec><setSpec>uge_mail_RapidILL_BOOK</setSpec><setSpec>UNIGE_ALL</setSpec><setSpec>uge_abbat_RapidILL_BOOK</setSpec><setSpec>uge_aobs_RapidILL_BOOK</setSpec><setSpec>uge_acar_RapidILL_BOOK</setSpec></header><metadata>
<record xmlns="http://www.loc.gov/MARC21/slim" xmlns:xsi="http://www.w3.org/2001/XMLSchema-instance" xsi:schemaLocation="http://www.loc.gov/MARC21/slim http://www.loc.gov/standards/marcxml/schema/MARC21slim.xsd"><leader>01678nam a2200385 c 4500</leader><controlfield tag="001">991000779709705502</controlfield><controlfield tag="005">20210207120911.0</controlfield><controlfield tag="008">161011s2015    ja ||||| |||| 00| ||jpn d</controlfield><datafield ind1=" " ind2=" " tag="020"><subfield code="a">4121023412</subfield></datafield><datafield ind1=" " ind2=" " tag="020"><subfield code="a">9784121023414</subfield></datafield><datafield ind1=" " ind2=" " tag="035"><subfield code="a">(swissbib)123291259-41slsp_network</subfield></datafield><datafield ind1=" " ind2=" " tag="035"><subfield code="a">123291259</subfield><subfield code="9">ExL</subfield></datafield><datafield ind1=" " ind2=" " tag="035"><subfield code="a">(RERO)R008529287-41slsp</subfield></datafield><datafield ind1=" " ind2=" " tag="035"><subfield code="a">(EXLNZ-41SLSP_NETWORK)991053644709705501</subfield></datafield><datafield ind1=" " ind2=" " tag="040"><subfield code="a">TRCLS</subfield><subfield code="b">eng</subfield><subfield code="e">rda</subfield><subfield code="d">CH-ZuSLS</subfield></datafield><datafield ind1=" " ind2="0" tag="050"><subfield code="a">PL528</subfield><subfield code="b">.K659 2015</subfield></datafield><datafield ind1=" " ind2="7" tag="072"><subfield code="a">or</subfield><subfield code="2">rero</subfield></datafield><datafield ind1="1" ind2=" " tag="100"><subfield code="6">880-01</subfield><subfield code="a">Konno, Shinji</subfield><subfield code="d">1958-....</subfield><subfield code="0">(IDREF)171151232</subfield><subfield code="4">cre</subfield></datafield><datafield ind1="1" ind2=" " tag="880"><subfield code="6">100-01/$1</subfield><subfield code="a">今野真二</subfield><subfield code="d">1958-</subfield></datafield><datafield ind1="1" ind2="0" tag="245"><subfield code="6">880-02</subfield><subfield code="a">Jōyō kanji no rekishi</subfield><subfield code="b">kyōiku, kokka, Nihongo</subfield><subfield code="c">Konno Shinji cho</subfield></datafield><datafield ind1="1" ind2="0" tag="880"><subfield code="6">245-02/$1</subfield><subfield code="a">常用漢字の歴史</subfield><subfield code="b">教育, 国家, 日本語</subfield><subfield code="c">今野真二著</subfield></datafield><datafield ind1=" " ind2="1" tag="264"><subfield code="6">880-03</subfield><subfield code="a">Tōkyō</subfield><subfield code="b">Chūō Kōron Shinsha</subfield><subfield code="c">2015</subfield></datafield><datafield ind1=" " ind2="1" tag="880"><subfield code="6">264-03/$1</subfield><subfield code="a">東京</subfield><subfield code="b">中央公論新社</subfield><subfield code="c">2015</subfield></datafield><datafield ind1=" " ind2=" " tag="300"><subfield code="a">261 pages</subfield><subfield code="b">illustrations</subfield><subfield code="c">18 cm</subfield></datafield><datafield ind1=" " ind2=" " tag="336"><subfield code="b">txt</subfield><subfield code="2">rdacontent</subfield></datafield><datafield ind1=" " ind2=" " tag="337"><subfield code="b">n</subfield><subfield code="2">rdamedia</subfield></datafield><datafield ind1=" " ind2=" " tag="338"><subfield code="b">nc</subfield><subfield code="2">rdacarrier</subfield></datafield><datafield ind1="1" ind2=" " tag="490"><subfield code="6">880-04</subfield><subfield code="a">Chūkō shinsho</subfield><subfield code="v">2341</subfield></datafield><datafield ind1="0" ind2=" " tag="880"><subfield code="6">490-04/$1</subfield><subfield code="a">中公新書</subfield><subfield code="v">2341</subfield></datafield><datafield ind1=" " ind2=" " tag="504"><subfield code="a">Includes bibliographical references: p. 259-261</subfield></datafield><datafield ind1=" " ind2="0" tag="650"><subfield code="a">Chinese characters</subfield><subfield code="z">Japan</subfield><subfield code="x">History</subfield></datafield><datafield ind1=" " ind2="0" tag="650"><subfield code="a">Japanese language</subfield><subfield code="x">Writing</subfield><subfield code="x">History</subfield></datafield><datafield ind1=" " ind2="0" tag="830"><subfield code="6">880-05</subfield><subfield code="a">Chūkō shinsho</subfield><subfield code="v">2341</subfield><subfield code="w">(RERO)1266793-41slsp</subfield></datafield><datafield ind1=" " ind2="0" tag="880"><subfield code="6">830-05/$1</subfield><subfield code="a">中公新書</subfield><subfield code="v">2341</subfield></datafield><datafield ind1=" " ind2=" " tag="900"><subfield code="a">REROnoselfmerge</subfield></datafield><datafield ind1=" " ind2=" " tag="910"><subfield code="a">LOC</subfield><subfield code="b">20161011</subfield><subfield code="c">Droits réservés</subfield></datafield><datafield ind1="0" ind2=" " tag="787"><subfield code="t">中公新書</subfield><subfield code="w">81234229390005502</subfield><subfield code="i">Alma Collection</subfield></datafield></record>
</metadata></record>