<record><header><identifier>oai:alma.41SLSP_UGE:991000778979705502</identifier><datestamp>2023-03-01T01:09:21Z</datestamp><setSpec>uge_bcen_RapidILL_BOOK</setSpec><setSpec>uge_aaca_RapidILL_BOOK</setSpec><setSpec>uge_abels_RapidILL_BOOK</setSpec><setSpec>uge_dbu_RapidILL_BOOK</setSpec><setSpec>uge_cmu_RapidILL_BOOK</setSpec><setSpec>uge_mail_RapidILL_BOOK</setSpec><setSpec>UNIGE_ALL</setSpec><setSpec>uge_abbat_RapidILL_BOOK</setSpec><setSpec>uge_aobs_RapidILL_BOOK</setSpec><setSpec>uge_acar_RapidILL_BOOK</setSpec></header><metadata>
<record xmlns="http://www.loc.gov/MARC21/slim" xmlns:xsi="http://www.w3.org/2001/XMLSchema-instance" xsi:schemaLocation="http://www.loc.gov/MARC21/slim http://www.loc.gov/standards/marcxml/schema/MARC21slim.xsd"><leader>01367nam a2200373 c 4500</leader><controlfield tag="001">991000778979705502</controlfield><controlfield tag="005">20210206203901.0</controlfield><controlfield tag="008">000911s1976    gw ||||| |||| 10| ||eng d</controlfield><datafield ind1=" " ind2=" " tag="020"><subfield code="a">3540076824</subfield><subfield code="q">Berlin</subfield></datafield><datafield ind1=" " ind2=" " tag="020"><subfield code="a">0387076824</subfield><subfield code="q">New York</subfield></datafield><datafield ind1=" " ind2=" " tag="035"><subfield code="a">(swissbib)095427244-41slsp_network</subfield></datafield><datafield ind1=" " ind2=" " tag="035"><subfield code="a">095427244</subfield><subfield code="9">ExL</subfield></datafield><datafield ind1=" " ind2=" " tag="035"><subfield code="a">(RERO)R265684860-41slsp</subfield></datafield><datafield ind1=" " ind2=" " tag="035"><subfield code="a">(EXLNZ-41SLSP_NETWORK)991109811849705501</subfield></datafield><datafield ind1=" " ind2=" " tag="040"><subfield code="a">RERO geussm</subfield><subfield code="d">CH-ZuSLS</subfield></datafield><datafield ind1=" " ind2="7" tag="072"><subfield code="a">ma</subfield><subfield code="2">rero</subfield></datafield><datafield ind1=" " ind2="7" tag="072"><subfield code="a">py</subfield><subfield code="2">rero</subfield></datafield><datafield ind1=" " ind2=" " tag="084"><subfield code="a">00.04</subfield><subfield code="2">msc</subfield></datafield><datafield ind1=" " ind2=" " tag="084"><subfield code="a">00.06</subfield><subfield code="2">msc</subfield></datafield><datafield ind1=" " ind2=" " tag="084"><subfield code="a">30</subfield><subfield code="2">msc</subfield></datafield><datafield ind1=" " ind2=" " tag="084"><subfield code="a">32</subfield><subfield code="2">msc</subfield></datafield><datafield ind1=" " ind2=" " tag="084"><subfield code="a">46</subfield><subfield code="2">msc</subfield></datafield><datafield ind1="0" ind2="0" tag="245"><subfield code="a">Spaces of analytic fuctions</subfield><subfield code="b">seminar held at Kristiansand, Norway, June 9-14, 1975</subfield><subfield code="c">ed. by O.B. Bekken, B.K. Øksendal, and A. Stray</subfield></datafield><datafield ind1=" " ind2="1" tag="264"><subfield code="a">Berlin [etc.]</subfield><subfield code="b">Springer</subfield><subfield code="c">1976</subfield></datafield><datafield ind1=" " ind2=" " tag="300"><subfield code="a">VIII, 204 p.</subfield><subfield code="b">ill.</subfield><subfield code="c">25 cm</subfield></datafield><datafield ind1=" " ind2=" " tag="336"><subfield code="b">txt</subfield><subfield code="2">rdacontent</subfield></datafield><datafield ind1=" " ind2=" " tag="337"><subfield code="b">n</subfield><subfield code="2">rdamedia</subfield></datafield><datafield ind1=" " ind2=" " tag="338"><subfield code="b">nc</subfield><subfield code="2">rdacarrier</subfield></datafield><datafield ind1="1" ind2=" " tag="490"><subfield code="a">Lecture notes in mathematics</subfield><subfield code="v">512</subfield></datafield><datafield ind1=" " ind2=" " tag="500"><subfield code="a">La préf. porte : &quot;... Seminar on Functional Analysis and Function Theory held at Kristiansand, Norway, June 9-14 1975.&quot;</subfield></datafield><datafield ind1=" " ind2=" " tag="500"><subfield code="a">Congrès de mathématiques. Kristiansand. 1975</subfield></datafield><datafield ind1="1" ind2=" " tag="700"><subfield code="a">Bekken, Otto B.</subfield><subfield code="d">1940-....</subfield><subfield code="0">(IDREF)122679873</subfield></datafield><datafield ind1="2" ind2=" " tag="710"><subfield code="a">Seminar on Functional Analysis and Function Theory</subfield><subfield code="d">1975</subfield><subfield code="c">Kristiansand</subfield><subfield code="0">(RERO)A012465812</subfield></datafield><datafield ind1=" " ind2="0" tag="830"><subfield code="a">Lecture notes in mathematics</subfield><subfield code="v">512</subfield></datafield><datafield ind1=" " ind2=" " tag="900"><subfield code="a">REROnoselfmerge</subfield></datafield></record>
</metadata></record>