<record><header><identifier>oai:alma.41SLSP_UGE:991000779189705502</identifier><datestamp>2023-11-26T01:29:29Z</datestamp><setSpec>uge_bcen_RapidILL_BOOK</setSpec><setSpec>uge_aaca_RapidILL_BOOK</setSpec><setSpec>uge_abels_RapidILL_BOOK</setSpec><setSpec>uge_dbu_RapidILL_BOOK</setSpec><setSpec>uge_cmu_RapidILL_BOOK</setSpec><setSpec>uge_mail_RapidILL_BOOK</setSpec><setSpec>uge_abbat_RapidILL_BOOK</setSpec><setSpec>UNIGE_ALL</setSpec><setSpec>uge_acar_RapidILL_BOOK</setSpec><setSpec>uge_aobs_RapidILL_BOOK</setSpec></header><metadata>
<record xmlns="http://www.loc.gov/MARC21/slim" xmlns:xsi="http://www.w3.org/2001/XMLSchema-instance" xsi:schemaLocation="http://www.loc.gov/MARC21/slim http://www.loc.gov/standards/marcxml/schema/MARC21slim.xsd"><leader>02307nam a2200553 c 4500</leader><controlfield tag="001">991000779189705502</controlfield><controlfield tag="005">20230630213539.0</controlfield><controlfield tag="008">201012s1994    sz ||||| |||| 00| ||ger d</controlfield><datafield ind1=" " ind2=" " tag="020"><subfield code="a">3725533008</subfield><subfield code="c">Fr. 72.-</subfield></datafield><datafield ind1=" " ind2=" " tag="035"><subfield code="a">(swissbib)240705807-41slsp_network</subfield></datafield><datafield ind1=" " ind2=" " tag="035"><subfield code="a">240705807</subfield><subfield code="9">ExL</subfield></datafield><datafield ind1=" " ind2=" " tag="035"><subfield code="a">(RERO)1963077-41slsp</subfield></datafield><datafield ind1=" " ind2=" " tag="035"><subfield code="a">(IDSBB)001076623DSV01</subfield></datafield><datafield ind1=" " ind2=" " tag="035"><subfield code="a">(IDSSG)000078020HSB01</subfield></datafield><datafield ind1=" " ind2=" " tag="035"><subfield code="a">(ALEX)bv00594005</subfield></datafield><datafield ind1=" " ind2=" " tag="035"><subfield code="a">(EXLNZ-41SLSP_NETWORK)991128727789705501</subfield></datafield><datafield ind1=" " ind2=" " tag="040"><subfield code="a">RERO geubfd</subfield><subfield code="d">CH-ZuSLS</subfield></datafield><datafield ind1=" " ind2="7" tag="072"><subfield code="a">dr</subfield><subfield code="2">rero</subfield></datafield><datafield ind1=" " ind2="7" tag="072"><subfield code="a">rh</subfield><subfield code="2">SzZuIDS BS/BE</subfield></datafield><datafield ind1="1" ind2="4" tag="082"><subfield code="a">340</subfield><subfield code="2">15</subfield></datafield><datafield ind1=" " ind2=" " tag="084"><subfield code="a">CA/CH 87 g</subfield><subfield code="2">cjurrom</subfield></datafield><datafield ind1=" " ind2=" " tag="084"><subfield code="a">PH 6110</subfield><subfield code="2">rvk</subfield></datafield><datafield ind1=" " ind2=" " tag="084"><subfield code="a">PH 824</subfield><subfield code="2">rvk</subfield></datafield><datafield ind1="1" ind2=" " tag="100"><subfield code="a">Rehberg, Jörg</subfield><subfield code="d">1931-2001</subfield><subfield code="0">(DE-588)119362996</subfield><subfield code="6">880-01</subfield></datafield><datafield ind1="1" ind2=" " tag="880"><subfield code="6">100-01</subfield><subfield code="a">Rehberg, Jörg</subfield><subfield code="d">1931-2001</subfield><subfield code="0">(IDREF)134507207</subfield><subfield code="4">cre</subfield></datafield><datafield ind1="1" ind2="0" tag="245"><subfield code="a">Delikte gegen den Einzelnen</subfield><subfield code="c">Jörg Rehberg und Niklaus Schmid</subfield></datafield><datafield ind1=" " ind2=" " tag="250"><subfield code="a">6., teilweise neubearb. Aufl.</subfield></datafield><datafield ind1=" " ind2="1" tag="264"><subfield code="a">Zürich</subfield><subfield code="b">Schulthess Polygraphischer Verlag</subfield><subfield code="c">1994</subfield></datafield><datafield ind1=" " ind2=" " tag="300"><subfield code="a">XXII, 433 S.</subfield><subfield code="b">Ill.</subfield><subfield code="c">23 cm</subfield></datafield><datafield ind1=" " ind2=" " tag="336"><subfield code="b">txt</subfield><subfield code="2">rdacontent</subfield></datafield><datafield ind1=" " ind2=" " tag="337"><subfield code="b">n</subfield><subfield code="2">rdamedia</subfield></datafield><datafield ind1=" " ind2=" " tag="338"><subfield code="b">nc</subfield><subfield code="2">rdacarrier</subfield></datafield><datafield ind1="1" ind2=" " tag="490"><subfield code="a">Strafrecht</subfield><subfield code="v">3</subfield></datafield><datafield ind1="1" ind2=" " tag="490"><subfield code="a">Zürcher Grundrisse des Strafrechts</subfield></datafield><datafield ind1=" " ind2=" " tag="500"><subfield code="a">Sachregister</subfield></datafield><datafield ind1=" " ind2=" " tag="504"><subfield code="a">Bibliogr</subfield></datafield><datafield ind1=" " ind2=" " tag="504"><subfield code="a">Literaturangaben</subfield></datafield><datafield ind1=" " ind2="7" tag="650"><subfield code="a">Straftaten gegen Leib und Leben</subfield><subfield code="9">ger</subfield><subfield code="0">(RERO)jurivoc000021821ger</subfield><subfield code="2">jurivoc</subfield></datafield><datafield ind1=" " ind2="7" tag="650"><subfield code="a">Straftaten gegen das Vermögen</subfield><subfield code="9">ger</subfield><subfield code="0">(RERO)jurivoc000021801ger</subfield><subfield code="2">jurivoc</subfield></datafield><datafield ind1=" " ind2="7" tag="650"><subfield code="a">Straftaten gegen die Ehre</subfield><subfield code="9">ger</subfield><subfield code="0">(RERO)jurivoc000021808ger</subfield><subfield code="2">jurivoc</subfield></datafield><datafield ind1=" " ind2="7" tag="650"><subfield code="a">Straftaten gegen den Geheimbereich</subfield><subfield code="9">ger</subfield><subfield code="0">(RERO)jurivoc000021802ger</subfield><subfield code="2">jurivoc</subfield></datafield><datafield ind1=" " ind2="7" tag="650"><subfield code="a">Straftaten gegen die Freiheit</subfield><subfield code="9">ger</subfield><subfield code="0">(RERO)jurivoc000021810ger</subfield><subfield code="2">jurivoc</subfield></datafield><datafield ind1=" " ind2="7" tag="650"><subfield code="a">Straftaten gegen die sexuelle Integrität</subfield><subfield code="9">ger</subfield><subfield code="0">(RERO)jurivoc000021817ger</subfield><subfield code="2">jurivoc</subfield></datafield><datafield ind1=" " ind2="7" tag="650"><subfield code="a">Droit pénal</subfield><subfield code="0">(IDREF)027466892</subfield><subfield code="2">idref</subfield></datafield><datafield ind1=" " ind2="7" tag="650"><subfield code="a">Infractions</subfield><subfield code="0">(IDREF)032069553</subfield><subfield code="2">idref</subfield></datafield><datafield ind1=" " ind2="7" tag="651"><subfield code="a">Schweiz</subfield><subfield code="9">ger</subfield><subfield code="0">(RERO)jurivoc000019912ger</subfield><subfield code="2">jurivoc</subfield></datafield><datafield ind1=" " ind2="7" tag="651"><subfield code="a">Suisse</subfield><subfield code="0">(IDREF)027249654</subfield><subfield code="2">idref</subfield></datafield><datafield ind1=" " ind2="7" tag="655"><subfield code="a">Manuels d'enseignement</subfield><subfield code="0">(IDREF)027446514</subfield><subfield code="2">idref</subfield></datafield><datafield ind1="1" ind2=" " tag="700"><subfield code="a">Schmid, Niklaus</subfield><subfield code="d">1936-</subfield><subfield code="0">(DE-588)123016983</subfield><subfield code="6">880-02</subfield></datafield><datafield ind1="1" ind2=" " tag="880"><subfield code="6">700-02</subfield><subfield code="a">Schmid, Niklaus</subfield><subfield code="c">juriste</subfield><subfield code="0">(IDREF)194105520</subfield></datafield><datafield ind1=" " ind2="0" tag="830"><subfield code="a">Zürcher Grundrisse des Strafrechts</subfield><subfield code="v">3</subfield><subfield code="w">(IDSSG)000078779HSB01</subfield></datafield><datafield ind1=" " ind2="0" tag="830"><subfield code="a">Strafrecht</subfield><subfield code="p">Schulthess</subfield><subfield code="v">3/6</subfield><subfield code="w">(IDSBB)000097595DSV01</subfield></datafield><datafield ind1=" " ind2="0" tag="830"><subfield code="a">Strafrecht</subfield><subfield code="g">Schulthess</subfield><subfield code="v">3</subfield><subfield code="w">(ALEX)bv9925919604801791</subfield></datafield></record>
</metadata></record>