<record><header><identifier>oai:alma.41SLSP_UGE:991000789169705502</identifier><datestamp>2023-03-01T01:09:21Z</datestamp><setSpec>uge_bcen_RapidILL_BOOK</setSpec><setSpec>uge_aaca_RapidILL_BOOK</setSpec><setSpec>uge_abels_RapidILL_BOOK</setSpec><setSpec>uge_dbu_RapidILL_BOOK</setSpec><setSpec>uge_cmu_RapidILL_BOOK</setSpec><setSpec>uge_mail_RapidILL_BOOK</setSpec><setSpec>UNIGE_ALL</setSpec><setSpec>uge_abbat_RapidILL_BOOK</setSpec><setSpec>uge_aobs_RapidILL_BOOK</setSpec><setSpec>uge_acar_RapidILL_BOOK</setSpec></header><metadata>
<record xmlns="http://www.loc.gov/MARC21/slim" xmlns:xsi="http://www.w3.org/2001/XMLSchema-instance" xsi:schemaLocation="http://www.loc.gov/MARC21/slim http://www.loc.gov/standards/marcxml/schema/MARC21slim.xsd"><leader>02868nam a2200589 c 4500</leader><controlfield tag="001">991000789169705502</controlfield><controlfield tag="005">20230127085720.0</controlfield><controlfield tag="008">201011t19911991xxu||||| |||| 01| ||eng d</controlfield><datafield ind1=" " ind2=" " tag="020"><subfield code="a">0918985927</subfield></datafield><datafield ind1=" " ind2=" " tag="035"><subfield code="a">(swissbib)213372010-41slsp_network</subfield></datafield><datafield ind1=" " ind2=" " tag="035"><subfield code="a">213372010</subfield><subfield code="9">ExL</subfield></datafield><datafield ind1=" " ind2=" " tag="035"><subfield code="a">(RERO)1503911-41slsp</subfield></datafield><datafield ind1=" " ind2=" " tag="035"><subfield code="a">(NEBIS)000657126EBI01</subfield></datafield><datafield ind1=" " ind2=" " tag="035"><subfield code="a">(IDSBB)002719994DSV01</subfield></datafield><datafield ind1=" " ind2=" " tag="035"><subfield code="a">(EXLNZ-41SLSP_NETWORK)991034950429705501</subfield></datafield><datafield ind1=" " ind2=" " tag="040"><subfield code="a">RERO geusst</subfield><subfield code="d">CH-ZuSLS</subfield></datafield><datafield ind1=" " ind2="7" tag="072"><subfield code="a">st</subfield><subfield code="2">rero</subfield></datafield><datafield ind1=" " ind2="7" tag="072"><subfield code="a">ge</subfield><subfield code="2">SzZuIDS BS/BE</subfield></datafield><datafield ind1=" " ind2=" " tag="084"><subfield code="a">TG 8000</subfield><subfield code="2">rvk</subfield></datafield><datafield ind1="0" ind2="0" tag="245"><subfield code="a">From shoreline to abyss</subfield><subfield code="b">contributions in marine geology in honor of Francis Parker Shepard</subfield><subfield code="c">ed. by Robert H. Osborne</subfield></datafield><datafield ind1="1" ind2=" " tag="246"><subfield code="a">From shoreline to abyss: F. P. Shepard commemorative volume</subfield></datafield><datafield ind1=" " ind2="1" tag="264"><subfield code="a">Tulsa Okla.</subfield><subfield code="b">SEPM Society for Sedimentary Geology</subfield><subfield code="c">1991</subfield></datafield><datafield ind1=" " ind2="4" tag="264"><subfield code="c">©1991</subfield></datafield><datafield ind1=" " ind2=" " tag="300"><subfield code="a">V, 320 S.</subfield><subfield code="c">29 cm</subfield><subfield code="b">Ill., Karten</subfield></datafield><datafield ind1=" " ind2=" " tag="336"><subfield code="b">txt</subfield><subfield code="2">rdacontent</subfield></datafield><datafield ind1=" " ind2=" " tag="337"><subfield code="b">n</subfield><subfield code="2">rdamedia</subfield></datafield><datafield ind1=" " ind2=" " tag="338"><subfield code="b">nc</subfield><subfield code="2">rdacarrier</subfield></datafield><datafield ind1="1" ind2=" " tag="490"><subfield code="a">Special publication / Society for Sedimentary Geology</subfield><subfield code="v">no. 46</subfield></datafield><datafield ind1=" " ind2=" " tag="500"><subfield code="a">Rückentitel: From shoreline to abyss: F. P. Shepard commemorative volume</subfield></datafield><datafield ind1=" " ind2=" " tag="504"><subfield code="a">Contient des références bibliogr. et un index</subfield></datafield><datafield ind1="1" ind2="7" tag="600"><subfield code="a">Shepard, Francis Parker</subfield><subfield code="d">1897-1985</subfield><subfield code="0">(DE-588)119493950</subfield><subfield code="2">gnd</subfield></datafield><datafield ind1=" " ind2="7" tag="650"><subfield code="a">ABLAGERUNGSMILIEU</subfield><subfield code="9">ger</subfield><subfield code="0">(ETHUDK)000046129</subfield><subfield code="2">ethudk</subfield></datafield><datafield ind1=" " ind2="7" tag="650"><subfield code="a">DELTAISCHES MILIEU (ABLAGERUNGSMILIEU)</subfield><subfield code="9">ger</subfield><subfield code="0">(ETHUDK)000045234</subfield><subfield code="2">ethudk</subfield></datafield><datafield ind1=" " ind2="7" tag="650"><subfield code="a">EXOGENE PROZESSE (GEOLOGIE)</subfield><subfield code="9">ger</subfield><subfield code="0">(ETHUDK)000020040</subfield><subfield code="2">ethudk</subfield></datafield><datafield ind1=" " ind2="7" tag="650"><subfield code="a">FESTSCHRIFTEN, GEDENKSCHRIFTEN FÜR PERSONEN (DOKUMENTENTYP)</subfield><subfield code="9">ger</subfield><subfield code="0">(ETHUDK)000009348</subfield><subfield code="2">ethudk</subfield></datafield><datafield ind1=" " ind2="7" tag="650"><subfield code="a">GEOLOGIE + REGIONAL GEOLOGIE + ERDWISSENSCHAFTEN</subfield><subfield code="9">ger</subfield><subfield code="0">(ETHUDK)000019843</subfield><subfield code="2">ethudk</subfield></datafield><datafield ind1=" " ind2="7" tag="650"><subfield code="a">GEOTEKTONIK + TEKTONISCHE STRUKTUREN UND IHRE ELEMENTE (GEOLOGIE)</subfield><subfield code="9">ger</subfield><subfield code="0">(ETHUDK)000020014</subfield><subfield code="2">ethudk</subfield></datafield><datafield ind1=" " ind2="7" tag="650"><subfield code="a">KONTINENTALHANG (ABLAGERUNGSMILIEU)</subfield><subfield code="9">ger</subfield><subfield code="0">(ETHUDK)000046141</subfield><subfield code="2">ethudk</subfield></datafield><datafield ind1=" " ind2="7" tag="650"><subfield code="a">KÜSTEN (ABLAGERUNGSMILIEU)</subfield><subfield code="9">ger</subfield><subfield code="0">(ETHUDK)000046066</subfield><subfield code="2">ethudk</subfield></datafield><datafield ind1=" " ind2="7" tag="650"><subfield code="a">MEERESGEOLOGIE</subfield><subfield code="9">ger</subfield><subfield code="0">(ETHUDK)000019845</subfield><subfield code="2">ethudk</subfield></datafield><datafield ind1=" " ind2="7" tag="650"><subfield code="a">OZEANOGRAPHIE</subfield><subfield code="9">ger</subfield><subfield code="0">(ETHUDK)000020151</subfield><subfield code="2">ethudk</subfield></datafield><datafield ind1=" " ind2="7" tag="650"><subfield code="a">SCHELFMILIEU (ABLAGERUNGSMILIEU)</subfield><subfield code="9">ger</subfield><subfield code="0">(ETHUDK)000045237</subfield><subfield code="2">ethudk</subfield></datafield><datafield ind1=" " ind2="7" tag="650"><subfield code="a">SUBMARINE GEBIRGSSCHLUCHTEN (OZEANOGRAPHIE)</subfield><subfield code="9">ger</subfield><subfield code="0">(ETHUDK)000020165</subfield><subfield code="2">ethudk</subfield></datafield><datafield ind1=" " ind2="7" tag="650"><subfield code="a">VEREINIGTE STAATEN VON AMERIKA, USA (NORDAMERIKA)</subfield><subfield code="9">ger</subfield><subfield code="0">(ETHUDK)000007826</subfield><subfield code="2">ethudk</subfield></datafield><datafield ind1=" " ind2="7" tag="650"><subfield code="a">&quot;1897/1985&quot;</subfield><subfield code="2">ethudk</subfield></datafield><datafield ind1=" " ind2="7" tag="655"><subfield code="a">Festschrift</subfield><subfield code="2">gnd-content</subfield></datafield><datafield ind1="1" ind2=" " tag="700"><subfield code="a">Osborne, Robert H.</subfield><subfield code="0">(IDREF)085853798</subfield></datafield><datafield ind1="1" ind2=" " tag="700"><subfield code="6">880-03</subfield><subfield code="a">Shepard, Francis Parker</subfield><subfield code="d">1897-1985</subfield><subfield code="0">(DE-588)119493950</subfield></datafield><datafield ind1="1" ind2=" " tag="880"><subfield code="6">700-03</subfield><subfield code="a">Shepard, Francis Parker</subfield><subfield code="d">1897-1985</subfield><subfield code="0">(IDREF)060712406</subfield></datafield><datafield ind1=" " ind2=" " tag="830"><subfield code="a">Special publication</subfield><subfield code="v">46</subfield><subfield code="w">(NEBIS)000064863EBI01</subfield></datafield><datafield ind1=" " ind2=" " tag="830"><subfield code="a">Special publication</subfield><subfield code="v">46</subfield><subfield code="w">(IDSBB)000261545DSV01</subfield></datafield><datafield ind1=" " ind2=" " tag="830"><subfield code="a">Special publication</subfield><subfield code="v">46</subfield><subfield code="w">(RERO)1014720-41slsp</subfield></datafield><datafield ind1=" " ind2=" " tag="900"><subfield code="a">REROnoselfmerge</subfield></datafield></record>
</metadata></record>