<record><header><identifier>oai:alma.41SLSP_UGE:991000779289705502</identifier><datestamp>2024-04-21T00:11:45Z</datestamp><setSpec>uge_bcen_RapidILL_BOOK</setSpec><setSpec>uge_aaca_RapidILL_BOOK</setSpec><setSpec>uge_abels_RapidILL_BOOK</setSpec><setSpec>uge_dbu_RapidILL_BOOK</setSpec><setSpec>uge_cmu_RapidILL_BOOK</setSpec><setSpec>uge_mail_RapidILL_BOOK</setSpec><setSpec>UNIGE_ALL</setSpec><setSpec>uge_abbat_RapidILL_BOOK</setSpec><setSpec>uge_aobs_RapidILL_BOOK</setSpec><setSpec>uge_acar_RapidILL_BOOK</setSpec></header><metadata>
<record xmlns="http://www.loc.gov/MARC21/slim" xmlns:xsi="http://www.w3.org/2001/XMLSchema-instance" xsi:schemaLocation="http://www.loc.gov/MARC21/slim http://www.loc.gov/standards/marcxml/schema/MARC21slim.xsd"><leader>02359nam a2200553 c 4500</leader><controlfield tag="001">991000779289705502</controlfield><controlfield tag="005">20230630213027.0</controlfield><controlfield tag="008">201011s2010    fr ||||| |||| 00| ||fre d</controlfield><datafield ind1="7" ind2=" " tag="016"><subfield code="a">FRBNF423157620000003</subfield><subfield code="2">FrPBN</subfield></datafield><datafield ind1=" " ind2=" " tag="020"><subfield code="a">9789287168160</subfield></datafield><datafield ind1=" " ind2=" " tag="020"><subfield code="a">9287168164</subfield></datafield><datafield ind1=" " ind2=" " tag="035"><subfield code="a">(swissbib)217483259-41slsp_network</subfield></datafield><datafield ind1=" " ind2=" " tag="035"><subfield code="a">217483259</subfield><subfield code="9">ExL</subfield></datafield><datafield ind1=" " ind2=" " tag="035"><subfield code="a">(RERO)R005509940-41slsp</subfield></datafield><datafield ind1=" " ind2=" " tag="035"><subfield code="a">(IDSBB)005713145DSV01</subfield></datafield><datafield ind1=" " ind2=" " tag="035"><subfield code="a">(OCoLC)716736313</subfield></datafield><datafield ind1=" " ind2=" " tag="035"><subfield code="a">(EXLNZ-41SLSP_NETWORK)991118730799705501</subfield></datafield><datafield ind1=" " ind2=" " tag="040"><subfield code="a">RERO ifisdc</subfield><subfield code="d">CH-ZuSLS</subfield></datafield><datafield ind1=" " ind2="7" tag="072"><subfield code="a">dr</subfield><subfield code="2">rero</subfield></datafield><datafield ind1=" " ind2="7" tag="072"><subfield code="a">rw</subfield><subfield code="2">SzZuIDS BS/BE</subfield></datafield><datafield ind1="1" ind2="4" tag="082"><subfield code="a">342.408 5</subfield><subfield code="2">22</subfield></datafield><datafield ind1="1" ind2="4" tag="082"><subfield code="a">340</subfield><subfield code="2">15</subfield></datafield><datafield ind1=" " ind2=" " tag="084"><subfield code="a">D 18.2 f</subfield><subfield code="2">cjurrom</subfield></datafield><datafield ind1=" " ind2=" " tag="084"><subfield code="a">D 18.2 h</subfield><subfield code="2">cjurrom</subfield></datafield><datafield ind1="1" ind2=" " tag="100"><subfield code="a">Edel, Frédéric</subfield><subfield code="c">juriste</subfield><subfield code="d">1971-...</subfield><subfield code="0">(IDREF)077599799</subfield><subfield code="4">cre</subfield></datafield><datafield ind1="1" ind2="0" tag="245"><subfield code="a">&lt;&lt;L'&gt;&gt;interdiction de la discrimination par la Convention européenne des droits de l'homme</subfield><subfield code="c">Frédéric Edel</subfield></datafield><datafield ind1=" " ind2="1" tag="264"><subfield code="a">Strasbourg</subfield><subfield code="b">Ed. du Conseil de l'Europe</subfield><subfield code="c">2010</subfield></datafield><datafield ind1=" " ind2=" " tag="300"><subfield code="a">160 p.</subfield></datafield><datafield ind1=" " ind2=" " tag="336"><subfield code="b">txt</subfield><subfield code="2">rdacontent</subfield></datafield><datafield ind1=" " ind2=" " tag="337"><subfield code="b">n</subfield><subfield code="2">rdamedia</subfield></datafield><datafield ind1=" " ind2=" " tag="338"><subfield code="b">nc</subfield><subfield code="2">rdacarrier</subfield></datafield><datafield ind1="1" ind2=" " tag="490"><subfield code="a">Dossiers sur les droits de l'homme</subfield><subfield code="v">no 22</subfield></datafield><datafield ind1=" " ind2=" " tag="500"><subfield code="a">English ed. : The prohibition of discrimination under the European Convention on Human Rights</subfield></datafield><datafield ind1="2" ind2="7" tag="610"><subfield code="a">Cour européenne des droits de l'homme</subfield><subfield code="2">ram</subfield></datafield><datafield ind1="2" ind2="7" tag="610"><subfield code="a">Cour européenne des droits de l'homme</subfield><subfield code="2">rasuqam</subfield></datafield><datafield ind1="2" ind2="7" tag="611"><subfield code="a">Convention européenne des droits de l'homme</subfield><subfield code="d">1950</subfield><subfield code="c">Rome</subfield><subfield code="0">(RERO)A010068606</subfield><subfield code="2">rero</subfield></datafield><datafield ind1="0" ind2="7" tag="630"><subfield code="a">Convention de sauvegarde des droits de l'homme et des libertés fondamentales (1950)</subfield><subfield code="2">rasuqam</subfield></datafield><datafield ind1="0" ind2="7" tag="630"><subfield code="a">Europäische Menschenrechtskonvention</subfield><subfield code="f">1950 November 4</subfield><subfield code="0">(DE-588)4015727-1</subfield><subfield code="2">gnd</subfield></datafield><datafield ind1=" " ind2="7" tag="650"><subfield code="a">rechtsgleiche Behandlung</subfield><subfield code="9">ger</subfield><subfield code="0">(RERO)jurivoc000018357ger</subfield><subfield code="2">jurivoc</subfield></datafield><datafield ind1=" " ind2="7" tag="650"><subfield code="a">EMRK</subfield><subfield code="9">ger</subfield><subfield code="0">(RERO)jurivoc000006844ger</subfield><subfield code="2">jurivoc</subfield></datafield><datafield ind1=" " ind2="7" tag="650"><subfield code="a">discrimination - interdiction</subfield><subfield code="0">(RERO)A010074441</subfield><subfield code="2">rerovoc</subfield></datafield><datafield ind1=" " ind2="7" tag="650"><subfield code="a">Droits de l'homme</subfield><subfield code="0">(IDREF)027466957</subfield><subfield code="2">idref</subfield></datafield><datafield ind1=" " ind2="7" tag="650"><subfield code="a">Jurisprudence</subfield><subfield code="2">rasuqam</subfield></datafield><datafield ind1=" " ind2="7" tag="650"><subfield code="a">Prévention</subfield><subfield code="2">rasuqam</subfield></datafield><datafield ind1=" " ind2="7" tag="650"><subfield code="a">Diskriminierungsverbot</subfield><subfield code="0">(DE-588)4123073-5</subfield><subfield code="2">gnd</subfield></datafield><datafield ind1=" " ind2="7" tag="650"><subfield code="a">Convention européenne des droits de l'homme (1950)</subfield><subfield code="2">ram</subfield></datafield><datafield ind1=" " ind2="7" tag="650"><subfield code="a">Droits de l'homme (droit européen)</subfield><subfield code="x">Jurisprudence</subfield><subfield code="2">ram</subfield></datafield><datafield ind1=" " ind2="7" tag="651"><subfield code="a">Europe</subfield><subfield code="2">rasuqam</subfield></datafield><datafield ind1=" " ind2="0" tag="830"><subfield code="a">Dossiers sur les droits de l'homme</subfield><subfield code="v">22</subfield><subfield code="w">(IDSBB)001203364DSV01</subfield></datafield><datafield ind1=" " ind2="0" tag="830"><subfield code="a">Dossiers sur les droits de l'homme</subfield><subfield code="v">22</subfield><subfield code="w">(RERO)0686671-41slsp</subfield></datafield></record>
</metadata></record>