<record><header><identifier>oai:alma.41SLSP_UGE:991000779169705502</identifier><datestamp>2023-04-14T00:13:44Z</datestamp><setSpec>uge_bcen_RapidILL_BOOK</setSpec><setSpec>uge_aaca_RapidILL_BOOK</setSpec><setSpec>uge_abels_RapidILL_BOOK</setSpec><setSpec>uge_dbu_RapidILL_BOOK</setSpec><setSpec>uge_cmu_RapidILL_BOOK</setSpec><setSpec>uge_mail_RapidILL_BOOK</setSpec><setSpec>uge_abbat_RapidILL_BOOK</setSpec><setSpec>UNIGE_ALL</setSpec><setSpec>uge_aobs_RapidILL_BOOK</setSpec><setSpec>uge_acar_RapidILL_BOOK</setSpec></header><metadata>
<record xmlns="http://www.loc.gov/MARC21/slim" xmlns:xsi="http://www.w3.org/2001/XMLSchema-instance" xsi:schemaLocation="http://www.loc.gov/MARC21/slim http://www.loc.gov/standards/marcxml/schema/MARC21slim.xsd"><leader>03164nam a2200433 c 4500</leader><controlfield tag="001">991000779169705502</controlfield><controlfield tag="005">20230413195043.0</controlfield><controlfield tag="008">130704s1995    ja ||||| |||| 00| ||jpn d</controlfield><datafield ind1=" " ind2=" " tag="035"><subfield code="a">(swissbib)11766328X-41slsp_network</subfield></datafield><datafield ind1=" " ind2=" " tag="035"><subfield code="a">11766328X</subfield><subfield code="9">ExL</subfield></datafield><datafield ind1=" " ind2=" " tag="035"><subfield code="a">(RERO)R007340977-41slsp</subfield></datafield><datafield ind1=" " ind2=" " tag="035"><subfield code="a">(EXLNZ-41SLSP_NETWORK)991042749009705501</subfield></datafield><datafield ind1=" " ind2=" " tag="040"><subfield code="a">DLC-R</subfield><subfield code="d">CH-ZuSLS</subfield></datafield><datafield ind1=" " ind2="0" tag="050"><subfield code="a">PL762.H3</subfield><subfield code="b">K96 1995</subfield></datafield><datafield ind1=" " ind2="7" tag="072"><subfield code="a">or</subfield><subfield code="2">rero</subfield></datafield><datafield ind1="0" ind2="0" tag="245"><subfield code="6">880-01</subfield><subfield code="a">Kyōhō Hōreki haikaishū</subfield><subfield code="c">[henshū Kira Sueo]</subfield></datafield><datafield ind1="0" ind2="0" tag="880"><subfield code="6">245-01/$1</subfield><subfield code="a">享保宝暦俳諧集</subfield><subfield code="c">[編集雲英末雄]</subfield></datafield><datafield ind1=" " ind2=" " tag="250"><subfield code="6">880-02</subfield><subfield code="a">Shohan</subfield></datafield><datafield ind1=" " ind2=" " tag="880"><subfield code="6">250-02/$1</subfield><subfield code="a">初版</subfield></datafield><datafield ind1=" " ind2="1" tag="264"><subfield code="6">880-03</subfield><subfield code="a">Tōkyō</subfield><subfield code="b">Waseda Daigaku Shuppanbu</subfield><subfield code="b">Waseda Daigakuzō Shiryō Eiin Sōsho Kankō Iinkai</subfield><subfield code="c">Heisei 7 [1995]</subfield></datafield><datafield ind1=" " ind2="1" tag="880"><subfield code="6">264-03/$1</subfield><subfield code="a">東京</subfield><subfield code="b">早稲田大学出版部</subfield><subfield code="b">早稲田大学蔵資料影印叢書刊行委員会</subfield><subfield code="c">平成 7 [1995]</subfield></datafield><datafield ind1=" " ind2=" " tag="300"><subfield code="a">702, 39 p.</subfield><subfield code="b">ill.</subfield><subfield code="c">22 cm</subfield></datafield><datafield ind1=" " ind2=" " tag="336"><subfield code="b">txt</subfield><subfield code="2">rdacontent</subfield></datafield><datafield ind1=" " ind2=" " tag="337"><subfield code="b">n</subfield><subfield code="2">rdamedia</subfield></datafield><datafield ind1=" " ind2=" " tag="338"><subfield code="b">nc</subfield><subfield code="2">rdacarrier</subfield></datafield><datafield ind1="1" ind2=" " tag="490"><subfield code="6">880-04</subfield><subfield code="a">Waseda daigakuzō shiryō eiin sōsho</subfield><subfield code="v">41</subfield></datafield><datafield ind1="0" ind2=" " tag="880"><subfield code="6">490-04/$1</subfield><subfield code="a">早稲田大学蔵資料影印叢書</subfield><subfield code="v">41</subfield></datafield><datafield ind1=" " ind2=" " tag="500"><subfield code="a">Includes &quot;Aki no hina&quot; and 15 other collections</subfield></datafield><datafield ind1=" " ind2=" " tag="500"><subfield code="a">Reproduces mss. copies between 1716 and 1764 in the collection of Waseda Daigaku. With explanatory notes</subfield></datafield><datafield ind1="0" ind2=" " tag="505"><subfield code="6">880-05</subfield><subfield code="a">Aki no hina - Seigaiha - Inosaitan - Fuyu no chiri - Kawanezumishū - Hatsumurasaki - Mutsuuragasa - Shūho ginkō - Mata aru toki - Haikai fuji shūi - Asa unabara - Yoshiwara kinmō zui - Shinryō yawa - Tsutsuji angya - Koishiika - Shōryō no tama</subfield></datafield><datafield ind1="0" ind2=" " tag="880"><subfield code="6">505-05/$1</subfield><subfield code="a">秋の雛 -- 青海波 -- 亥歳旦 -- 冬の塵 -- 河鼠集 -- 初むらさき -- 六浦笠 -- 秋浦吟行 -- またある時 -- 俳諧富士拾遺 -- あさうなばら -- 暗夜訓蒙図彙 -- 新涼夜話 -- つゝじ行脚 -- 恋しいか -- 招涼の珠</subfield></datafield><datafield ind1=" " ind2="0" tag="650"><subfield code="a">Haikai</subfield></datafield><datafield ind1=" " ind2="0" tag="650"><subfield code="a">Japanese poetry</subfield><subfield code="y">Edo period, 1600-1868</subfield></datafield><datafield ind1=" " ind2="7" tag="650"><subfield code="a">Haikai</subfield><subfield code="0">(IDREF)027732827</subfield><subfield code="2">idref</subfield></datafield><datafield ind1="1" ind2=" " tag="700"><subfield code="6">880-06</subfield><subfield code="a">Kira, Sueo</subfield><subfield code="d">1940-2008</subfield><subfield code="0">(IDREF)142900346</subfield></datafield><datafield ind1="0" ind2=" " tag="880"><subfield code="6">700-06/$1</subfield><subfield code="a">雲英末雄</subfield><subfield code="d">1940-2008</subfield></datafield><datafield ind1=" " ind2="0" tag="830"><subfield code="6">880-08</subfield><subfield code="a">Waseda daigakuzō shiryō eiin sōsho</subfield><subfield code="p">Kokusho</subfield><subfield code="v">41</subfield><subfield code="w">(RERO)R007339757-41slsp</subfield></datafield><datafield ind1=" " ind2="0" tag="880"><subfield code="6">830-08</subfield><subfield code="a">早稲田大学蔵資料影印叢書</subfield><subfield code="p">国書篇</subfield><subfield code="v">41</subfield></datafield><datafield ind1=" " ind2=" " tag="900"><subfield code="a">REROnoselfmerge</subfield></datafield><datafield ind1=" " ind2=" " tag="910"><subfield code="a">OCoLC</subfield><subfield code="b">20130704</subfield><subfield code="c">Droits réservés</subfield></datafield></record>
</metadata></record>