<record><header><identifier>oai:alma.41SLSP_UGE:991000779789705502</identifier><datestamp>2023-03-01T01:09:21Z</datestamp><setSpec>uge_bcen_RapidILL_BOOK</setSpec><setSpec>uge_aaca_RapidILL_BOOK</setSpec><setSpec>uge_abels_RapidILL_BOOK</setSpec><setSpec>uge_dbu_RapidILL_BOOK</setSpec><setSpec>uge_cmu_RapidILL_BOOK</setSpec><setSpec>uge_mail_RapidILL_BOOK</setSpec><setSpec>UNIGE_ALL</setSpec><setSpec>uge_abbat_RapidILL_BOOK</setSpec><setSpec>uge_aobs_RapidILL_BOOK</setSpec><setSpec>uge_acar_RapidILL_BOOK</setSpec></header><metadata>
<record xmlns="http://www.loc.gov/MARC21/slim" xmlns:xsi="http://www.w3.org/2001/XMLSchema-instance" xsi:schemaLocation="http://www.loc.gov/MARC21/slim http://www.loc.gov/standards/marcxml/schema/MARC21slim.xsd"><leader>01463nam a22003497c 4500</leader><controlfield tag="001">991000779789705502</controlfield><controlfield tag="005">20201231183919.0</controlfield><controlfield tag="008">201012s1980    xxk||||| |||| 10| ||eng d</controlfield><datafield ind1=" " ind2=" " tag="020"><subfield code="a">0080273211</subfield></datafield><datafield ind1=" " ind2=" " tag="035"><subfield code="a">(swissbib)240627385-41slsp_network</subfield></datafield><datafield ind1=" " ind2=" " tag="035"><subfield code="a">240627385</subfield><subfield code="9">ExL</subfield></datafield><datafield ind1=" " ind2=" " tag="035"><subfield code="a">(RERO)R003670927-41slsp</subfield></datafield><datafield ind1=" " ind2=" " tag="035"><subfield code="a">(NEBIS)000218481EBI01</subfield></datafield><datafield ind1=" " ind2=" " tag="035"><subfield code="a">(EXLNZ-41SLSP_NETWORK)991141199069705501</subfield></datafield><datafield ind1=" " ind2=" " tag="040"><subfield code="a">RERO geucui</subfield><subfield code="d">CH-ZuSLS</subfield></datafield><datafield ind1=" " ind2="7" tag="072"><subfield code="a">in</subfield><subfield code="2">rero</subfield></datafield><datafield ind1="0" ind2="0" tag="245"><subfield code="a">Decision support systems</subfield><subfield code="b">issues and challenges : proceedings of an international task force meeting, June 23-25, 1980</subfield><subfield code="c">Göran Fick, Ralph H. Sprague, Jr., eds</subfield></datafield><datafield ind1=" " ind2="1" tag="264"><subfield code="a">Oxford [etc.]</subfield><subfield code="b">Pergamon Press</subfield><subfield code="c">1980</subfield></datafield><datafield ind1=" " ind2=" " tag="300"><subfield code="a">VIII, 189 p.</subfield><subfield code="b">fig.</subfield><subfield code="c">26 cm</subfield></datafield><datafield ind1=" " ind2=" " tag="336"><subfield code="b">txt</subfield><subfield code="2">rdacontent</subfield></datafield><datafield ind1=" " ind2=" " tag="337"><subfield code="b">n</subfield><subfield code="2">rdamedia</subfield></datafield><datafield ind1=" " ind2=" " tag="338"><subfield code="b">nc</subfield><subfield code="2">rdacarrier</subfield></datafield><datafield ind1="1" ind2=" " tag="490"><subfield code="a">IIASA proceedings series</subfield><subfield code="v">vol. 11</subfield></datafield><datafield ind1=" " ind2="7" tag="650"><subfield code="a">ENTSCHEIDUNGSSYSTEME (UNTERNEHMENSFÜHRUNG)</subfield><subfield code="9">ger</subfield><subfield code="0">(ETHUDK)000042223</subfield><subfield code="2">ethudk</subfield></datafield><datafield ind1=" " ind2="7" tag="655"><subfield code="a">Konferenzschrift</subfield><subfield code="z">Laxenburg</subfield><subfield code="y">1980/06</subfield><subfield code="2">gnd-content</subfield></datafield><datafield ind1="1" ind2=" " tag="700"><subfield code="a">Fick, Göran</subfield></datafield><datafield ind1="1" ind2=" " tag="700"><subfield code="a">Göran, Fick</subfield><subfield code="0">(RERO)A010935673</subfield></datafield><datafield ind1="2" ind2=" " tag="710"><subfield code="a">International Institute for Applied Systems Analysis</subfield><subfield code="0">(IDREF)081180217</subfield></datafield><datafield ind1="2" ind2=" " tag="711"><subfield code="a">Meeting on Decision Support Systems</subfield><subfield code="d">1980</subfield><subfield code="c">Laxenburg</subfield><subfield code="0">(DE-588)1091131902</subfield></datafield><datafield ind1="2" ind2=" " tag="711"><subfield code="a">IIASA International Task Force Meeting</subfield><subfield code="d">1980</subfield><subfield code="0">(RERO)A010935674</subfield></datafield><datafield ind1=" " ind2=" " tag="830"><subfield code="a">IIASA proceedings series</subfield><subfield code="v">11</subfield><subfield code="w">(RERO)0707701-41slsp</subfield></datafield><datafield ind1=" " ind2=" " tag="830"><subfield code="a">IIASA proceedings series</subfield><subfield code="v">11</subfield><subfield code="w">(NEBIS)000006887EBI01</subfield></datafield><datafield ind1=" " ind2=" " tag="900"><subfield code="a">REROnoselfmerge</subfield></datafield></record>
</metadata></record>