<record><header><identifier>oai:alma.41SLSP_UGE:991000778959705502</identifier><datestamp>2023-03-01T01:09:21Z</datestamp><setSpec>uge_bcen_RapidILL_BOOK</setSpec><setSpec>uge_aaca_RapidILL_BOOK</setSpec><setSpec>uge_abels_RapidILL_BOOK</setSpec><setSpec>uge_dbu_RapidILL_BOOK</setSpec><setSpec>uge_cmu_RapidILL_BOOK</setSpec><setSpec>uge_mail_RapidILL_BOOK</setSpec><setSpec>UNIGE_ALL</setSpec><setSpec>uge_abbat_RapidILL_BOOK</setSpec><setSpec>uge_aobs_RapidILL_BOOK</setSpec><setSpec>uge_acar_RapidILL_BOOK</setSpec></header><metadata>
<record xmlns="http://www.loc.gov/MARC21/slim" xmlns:xsi="http://www.w3.org/2001/XMLSchema-instance" xsi:schemaLocation="http://www.loc.gov/MARC21/slim http://www.loc.gov/standards/marcxml/schema/MARC21slim.xsd"><leader>01097nam a2200313 c 4500</leader><controlfield tag="001">991000778959705502</controlfield><controlfield tag="005">20201126050556.0</controlfield><controlfield tag="008">201008s1977    uv ||||| |||| 00| ||fre d</controlfield><datafield ind1=" " ind2=" " tag="035"><subfield code="a">(swissbib)106105906-41slsp_network</subfield></datafield><datafield ind1=" " ind2=" " tag="035"><subfield code="a">106105906</subfield><subfield code="9">ExL</subfield></datafield><datafield ind1=" " ind2=" " tag="035"><subfield code="a">(RERO)R004598992-41slsp</subfield></datafield><datafield ind1=" " ind2=" " tag="035"><subfield code="a">(EXLNZ-41SLSP_NETWORK)991085947389705501</subfield></datafield><datafield ind1=" " ind2=" " tag="040"><subfield code="a">SZ-GeWHO</subfield><subfield code="d">CH-ZuSLS</subfield></datafield><datafield ind1=" " ind2="4" tag="060"><subfield code="a">WA 530.1</subfield></datafield><datafield ind1=" " ind2="7" tag="072"><subfield code="a">me</subfield><subfield code="2">rero</subfield></datafield><datafield ind1="0" ind2="0" tag="245"><subfield code="a">Rapport final de la XVIIe [dix-septième] Conférence technique de l'O.C.C.G.E., Bobo-Dioulasso du 11 au 15 avril 1977</subfield></datafield><datafield ind1=" " ind2="1" tag="264"><subfield code="a">Bobo-Dioulasso</subfield><subfield code="b">O.C.C.G.E.</subfield><subfield code="c">[1977?]</subfield></datafield><datafield ind1=" " ind2=" " tag="300"><subfield code="a">2 v. (724 p.)</subfield></datafield><datafield ind1=" " ind2=" " tag="336"><subfield code="b">txt</subfield><subfield code="2">rdacontent</subfield></datafield><datafield ind1=" " ind2=" " tag="337"><subfield code="b">n</subfield><subfield code="2">rdamedia</subfield></datafield><datafield ind1=" " ind2=" " tag="338"><subfield code="b">nc</subfield><subfield code="2">rdacarrier</subfield></datafield><datafield ind1=" " ind2="2" tag="650"><subfield code="a">Endemic Diseases</subfield></datafield><datafield ind1=" " ind2="2" tag="650"><subfield code="a">Health Surveys</subfield></datafield><datafield ind1=" " ind2="2" tag="650"><subfield code="a">International Agencies</subfield></datafield><datafield ind1=" " ind2="2" tag="650"><subfield code="a">International Cooperation</subfield></datafield><datafield ind1=" " ind2="2" tag="650"><subfield code="a">Public Health</subfield></datafield><datafield ind1=" " ind2="2" tag="651"><subfield code="a">Africa</subfield></datafield><datafield ind1=" " ind2="2" tag="655"><subfield code="a">Congress</subfield></datafield><datafield ind1="2" ind2=" " tag="710"><subfield code="a">Organisation de coordination et de coopération pour la lutte contre les grandes endémies</subfield><subfield code="b">Conférence technique</subfield><subfield code="n">17</subfield><subfield code="d">1977</subfield><subfield code="c">Bobo-Dioulasso, Burkina Faso</subfield><subfield code="0">(RERO)A013728042</subfield></datafield><datafield ind1=" " ind2=" " tag="900"><subfield code="a">REROnoselfmerge</subfield></datafield><datafield ind1=" " ind2=" " tag="990"><subfield code="a">donomshim</subfield><subfield code="9">LOCAL</subfield></datafield></record>
</metadata></record>