<record><header><identifier>oai:alma.41SLSP_UGE:991000779279705502</identifier><datestamp>2023-03-01T01:09:21Z</datestamp><setSpec>uge_bcen_RapidILL_BOOK</setSpec><setSpec>uge_aaca_RapidILL_BOOK</setSpec><setSpec>uge_abels_RapidILL_BOOK</setSpec><setSpec>uge_dbu_RapidILL_BOOK</setSpec><setSpec>uge_cmu_RapidILL_BOOK</setSpec><setSpec>uge_mail_RapidILL_BOOK</setSpec><setSpec>UNIGE_ALL</setSpec><setSpec>uge_abbat_RapidILL_BOOK</setSpec><setSpec>uge_acar_RapidILL_BOOK</setSpec><setSpec>uge_aobs_RapidILL_BOOK</setSpec></header><metadata>
<record xmlns="http://www.loc.gov/MARC21/slim" xmlns:xsi="http://www.w3.org/2001/XMLSchema-instance" xsi:schemaLocation="http://www.loc.gov/MARC21/slim http://www.loc.gov/standards/marcxml/schema/MARC21slim.xsd"><leader>01183nam a2200325 c 4500</leader><controlfield tag="001">991000779279705502</controlfield><controlfield tag="005">20230217204226.0</controlfield><controlfield tag="008">030919r19771766gw ||||| |||| 00| ||fre d</controlfield><datafield ind1=" " ind2=" " tag="020"><subfield code="a">2901135013</subfield></datafield><datafield ind1=" " ind2=" " tag="035"><subfield code="a">(swissbib)099333678-41slsp_network</subfield></datafield><datafield ind1=" " ind2=" " tag="035"><subfield code="a">099333678</subfield><subfield code="9">ExL</subfield></datafield><datafield ind1=" " ind2=" " tag="035"><subfield code="a">(RERO)R003409868-41slsp</subfield></datafield><datafield ind1=" " ind2=" " tag="035"><subfield code="a">(EXLNZ-41SLSP_NETWORK)991133106889705501</subfield></datafield><datafield ind1=" " ind2=" " tag="040"><subfield code="a">RERO gevbaa</subfield><subfield code="d">CH-ZuSLS</subfield></datafield><datafield ind1=" " ind2="7" tag="072"><subfield code="a">mu</subfield><subfield code="2">rero</subfield></datafield><datafield ind1="1" ind2=" " tag="100"><subfield code="a">Bedos de Celles, François</subfield><subfield code="d">1709-1779</subfield><subfield code="0">(IDREF)031574254</subfield><subfield code="4">cre</subfield></datafield><datafield ind1="1" ind2="0" tag="245"><subfield code="a">&lt;&lt;L'&gt;&gt;art du facteur d'orgues</subfield><subfield code="c">par D. Bedos de Celles</subfield></datafield><datafield ind1=" " ind2="1" tag="264"><subfield code="a">Kassel</subfield><subfield code="a">Basel</subfield><subfield code="a">London</subfield><subfield code="b">Bärenreiter Tours</subfield><subfield code="c">1977</subfield></datafield><datafield ind1=" " ind2=" " tag="300"><subfield code="a">3 vol.</subfield><subfield code="b">ill.</subfield><subfield code="c">29 cm</subfield></datafield><datafield ind1=" " ind2=" " tag="336"><subfield code="b">txt</subfield><subfield code="2">rdacontent</subfield></datafield><datafield ind1=" " ind2=" " tag="337"><subfield code="b">n</subfield><subfield code="2">rdamedia</subfield></datafield><datafield ind1=" " ind2=" " tag="338"><subfield code="b">nc</subfield><subfield code="2">rdacarrier</subfield></datafield><datafield ind1="1" ind2=" " tag="490"><subfield code="a">Documenta musicologica. Reihe 1, Druckschriften-Faksimiles</subfield><subfield code="v">24</subfield><subfield code="v">25</subfield></datafield><datafield ind1="0" ind2=" " tag="505"><subfield code="a">Tome 1: 1766</subfield></datafield><datafield ind1="0" ind2=" " tag="505"><subfield code="a">Tome 2/3: 1770</subfield></datafield><datafield ind1="0" ind2=" " tag="505"><subfield code="a">Tome 4: 1778</subfield></datafield><datafield ind1=" " ind2=" " tag="534"><subfield code="p">Reprod. des éd. de :</subfield><subfield code="c">[S.l.] : C. Mahrenholz, 1766 -1778</subfield></datafield><datafield ind1=" " ind2="7" tag="650"><subfield code="a">Orgue</subfield><subfield code="0">(IDREF)027276856</subfield><subfield code="2">idref</subfield></datafield><datafield ind1=" " ind2="7" tag="650"><subfield code="a">Instruments de musique</subfield><subfield code="0">(IDREF)027294412</subfield><subfield code="2">idref</subfield></datafield><datafield ind1=" " ind2=" " tag="830"><subfield code="a">Documenta musicologica</subfield><subfield code="p">Reihe 1, Druckschriften-Faksimiles</subfield><subfield code="v">24, 25</subfield><subfield code="w">(RERO)0935345-41slsp</subfield></datafield><datafield ind1=" " ind2=" " tag="900"><subfield code="a">REROnoselfmerge</subfield></datafield></record>
</metadata></record>