<record><header><identifier>oai:alma.41SLSP_UGE:991000789309705502</identifier><datestamp>2024-06-16T00:21:56Z</datestamp><setSpec>uge_bcen_RapidILL_BOOK</setSpec><setSpec>uge_aaca_RapidILL_BOOK</setSpec><setSpec>uge_abels_RapidILL_BOOK</setSpec><setSpec>uge_dbu_RapidILL_BOOK</setSpec><setSpec>uge_cmu_RapidILL_BOOK</setSpec><setSpec>uge_mail_RapidILL_BOOK</setSpec><setSpec>uge_abbat_RapidILL_BOOK</setSpec><setSpec>UNIGE_ALL</setSpec><setSpec>uge_acar_RapidILL_BOOK</setSpec><setSpec>uge_aobs_RapidILL_BOOK</setSpec></header><metadata>
<record xmlns="http://www.loc.gov/MARC21/slim" xmlns:xsi="http://www.w3.org/2001/XMLSchema-instance" xsi:schemaLocation="http://www.loc.gov/MARC21/slim http://www.loc.gov/standards/marcxml/schema/MARC21slim.xsd"><leader>01544nam a2200349 c 4500</leader><controlfield tag="001">991000789309705502</controlfield><controlfield tag="005">20240322001534.0</controlfield><controlfield tag="008">100121s1598    sz ||||| |||| 00| ||fre d</controlfield><datafield ind1=" " ind2=" " tag="035"><subfield code="a">(swissbib)109897684-41slsp_network</subfield></datafield><datafield ind1=" " ind2=" " tag="035"><subfield code="a">109897684</subfield><subfield code="9">ExL</subfield></datafield><datafield ind1=" " ind2=" " tag="035"><subfield code="a">(RERO)R005373769-41slsp</subfield></datafield><datafield ind1=" " ind2=" " tag="035"><subfield code="a">(EXLNZ-41SLSP_NETWORK)991030902809705501</subfield></datafield><datafield ind1=" " ind2=" " tag="040"><subfield code="a">RERO gevbge</subfield><subfield code="d">CH-ZuSLS</subfield></datafield><datafield ind1=" " ind2=" " tag="044"><subfield code="a">sz</subfield><subfield code="c">ch-ge</subfield></datafield><datafield ind1=" " ind2="7" tag="072"><subfield code="a">ht</subfield><subfield code="2">rero</subfield></datafield><datafield ind1="1" ind2=" " tag="100"><subfield code="a">Goulart, Simon</subfield><subfield code="d">1543-1628</subfield><subfield code="0">(IDREF)026898411</subfield><subfield code="4">cre</subfield></datafield><datafield ind1="1" ind2="0" tag="245"><subfield code="a">&lt;&lt;Le&gt;&gt; cinquiesme recueil, contenant les choses plus mémorables avenues sous la Ligue, depuis le deuxiesme et dernier voyage du duc de Parme en France, au commencement de l'an M. D. XCII. jusques à la fin de l'an M. D. XCIII</subfield></datafield><datafield ind1="1" ind2=" " tag="246"><subfield code="a">Mémoires de la Ligue</subfield></datafield><datafield ind1="1" ind2=" " tag="246"><subfield code="a">Cinquième recueil, contenant les choses plus mémorables avenues sous la Ligue</subfield></datafield><datafield ind1=" " ind2="1" tag="264"><subfield code="a">[Genève]</subfield><subfield code="b">[Jacob Stoer]</subfield><subfield code="c">imprimé l'an de nostre Salut 1598</subfield></datafield><datafield ind1=" " ind2=" " tag="300"><subfield code="a">[16], 835 p.</subfield><subfield code="c">8°</subfield></datafield><datafield ind1=" " ind2=" " tag="336"><subfield code="b">txt</subfield><subfield code="2">rdacontent</subfield></datafield><datafield ind1=" " ind2=" " tag="337"><subfield code="b">n</subfield><subfield code="2">rdamedia</subfield></datafield><datafield ind1=" " ind2=" " tag="338"><subfield code="b">nc</subfield><subfield code="2">rdacarrier</subfield></datafield><datafield ind1=" " ind2=" " tag="500"><subfield code="a">L'auteur est Simon Goulart</subfield></datafield><datafield ind1=" " ind2=" " tag="500"><subfield code="a">Erreur de pag.: 1-112, 117-835</subfield></datafield><datafield ind1=" " ind2=" " tag="500"><subfield code="a">Signatures : *⁸, A-Z⁸, AA-ZZ⁸, AAA-FFF⁸</subfield></datafield><datafield ind1="3" ind2=" " tag="510"><subfield code="a">GLN-4000</subfield></datafield><datafield ind1="1" ind2=" " tag="700"><subfield code="a">Stoer, Jacob</subfield><subfield code="d">1540?-1610</subfield><subfield code="0">(IDREF)060869038</subfield><subfield code="4">prt</subfield></datafield><datafield ind1=" " ind2=" " tag="751"><subfield code="a">Genève (Genève, Suisse)</subfield><subfield code="4">pup</subfield><subfield code="0">(IDREF)02726453X</subfield></datafield><datafield ind1="4" ind2="2" tag="856"><subfield code="u">http://www.ville-ge.ch/musinfo/bd/bge/gln/notice/?no=GLN-4000</subfield><subfield code="z">Notice détaillée (GLN 15-16)</subfield></datafield><datafield ind1="4" ind2="1" tag="856"><subfield code="u">http://dx.doi.org/10.3931/e-rara-3404</subfield><subfield code="z">Document en ligne (e-rara.ch)</subfield></datafield><datafield ind1=" " ind2=" " tag="900"><subfield code="a">REROswissbibnomerge</subfield></datafield><datafield ind1=" " ind2=" " tag="993"><subfield code="a">MHR D Gou 4/5</subfield><subfield code="x">ge/mhr-/1500</subfield><subfield code="9">LOCAL</subfield></datafield></record>
</metadata></record>